{"asks": [[6496000.0, 0.000252], [6496133.0, 0.0605], [6496249.0, 0.0001], [6497120.0, 0.000252], [6497308.0, 0.00918611], [6497314.0, 0.0091937], [6497319.0, 0.0091864], [6497324.0, 0.01838027], [6497498.0, 0.022], [6497499.0, 0.1201], [6497627.0, 0.00616009], [6497777.0, 0.2], [6497960.0, 0.1201], [6498000.0, 0.1015], [6498240.0, 0.000252], [6498261.0, 0.01024004], [6498411.0, 0.12], [6498519.0, 0.00098069], [6498684.0, 0.01], [6498685.0, 0.08], [6498749.0, 0.0001], [6498765.0, 0.001], [6498837.0, 0.001], [6498838.0, 0.00919493], [6498845.0, 0.12], [6498888.0, 0.3611], [6499000.0, 0.08], [6499360.0, 0.120252], [6499593.0, 0.48724253], [6499712.0, 0.0025], [6499757.0, 0.002], [6499935.0, 0.00410811], [6499980.0, 0.1201], [6499999.0, 0.0001], [6500000.0, 8.98758], [6500103.0, 0.002162], [6500166.0, 0.0515], [6500169.0, 0.02], [6500246.0, 0.02], [6500317.0, 0.02]], "bids": [[6495961.0, 0.05959379], [6494660.0, 0.0032], [6493244.0, 0.0824], [6493151.0, 0.12], [6493064.0, 0.051], [6492960.0, 0.05728001], [6492742.0, 0.12], [6492440.0, 0.00919493], [6492433.0, 0.13451851], [6492432.0, 0.01], [6492333.0, 0.12], [6492143.0, 0.04232379], [6492142.0, 0.01700362], [6492136.0, 0.01700882], [6492123.0, 0.002], [6491932.0, 0.001], [6491924.0, 0.12], [6491882.0, 0.02], [6491853.0, 0.08], [6491574.0, 0.049], [6491524.0, 0.0091864], [6491520.0, 0.000252], [6491519.0, 0.01838027], [6491515.0, 0.12], [6491125.0, 0.001], [6491119.0, 0.001], [6491116.0, 0.0091937], [6491115.0, 0.22914828], [6491106.0, 0.12], [6490826.0, 0.00918611], [6490713.0, 0.1], [6490470.0, 0.0776], [6490400.0, 0.000252], [6490318.0, 0.10505621], [6490001.0, 0.0002], [6489996.0, 0.0515], [6489975.0, 0.00446701], [6489880.0, 0.5], [6489800.0, 0.000352], [6489560.0, 0.001]], "timestamp": 1618027202.0059354}
{"asks": [[6499783.0, 0.003], [6500000.0, 8.28905361], [6500036.0, 0.12], [6500103.0, 0.002162], [6500443.0, 0.12], [6500480.0, 0.000252], [6500850.0, 0.12], [6501249.0, 0.0001], [6501257.0, 0.12], [6501575.0, 0.0795], [6501600.0, 0.000252], [6501664.0, 0.12], [6501796.0, 0.00868393], [6502000.0, 0.08], [6502034.0, 0.0001], [6502071.0, 0.12], [6502221.0, 0.0033], [6502222.0, 0.0115], [6502470.0, 0.05], [6502499.0, 0.0001], [6502720.0, 0.000252], [6502859.0, 0.042425], [6503005.0, 0.01], [6503006.0, 0.0768], [6503548.0, 0.02], [6503718.0, 0.1], [6503749.0, 0.0001], [6503840.0, 0.000252], [6503967.0, 0.00615562], [6504398.0, 0.002], [6504846.0, 0.005], [6504847.0, 0.049], [6504960.0, 0.000252], [6504999.0, 0.0001], [6505000.0, 0.002], [6505001.0, 0.0001], [6505050.0, 0.01], [6505070.0, 0.0091864], [6505075.0, 0.001], [6505130.0, 0.0001]], "bids": [[6497841.0, 0.066], [6497835.0, 0.00832293], [6497828.0, 0.01702178], [6497083.0, 0.00919493], [6497076.0, 0.0792], [6496616.0, 0.0091864], [6496255.0, 0.00367729], [6496204.0, 0.12], [6496000.0, 0.000252], [6495976.0, 0.001], [6495796.0, 0.12], [6495704.0, 0.0515], [6495326.0, 0.001], [6495229.0, 0.01838027], [6495226.0, 0.19292853], [6495201.0, 0.12], [6495060.0, 0.01315094], [6494982.0, 0.0792], [6494880.0, 0.000252], [6494381.0, 0.12], [6494374.0, 0.048], [6493760.0, 0.120252], [6493751.0, 0.0002], [6493564.0, 0.1], [6493244.0, 0.2024], [6493189.0, 0.01], [6493064.0, 0.051], [6492977.0, 0.006], [6492640.0, 0.000252], [6492501.0, 0.0002], [6491861.0, 0.001], [6491858.0, 0.0091937], [6491853.0, 0.08], [6491846.0, 0.001], [6491520.0, 0.000252], [6491513.0, 0.001], [6491301.0, 0.00436186], [6491251.0, 0.0002], [6491133.0, 0.001], [6491125.0, 0.00918611]], "timestamp": 1618027207.0928733}
{"asks": [[6499999.0, 0.86750184], [6500000.0, 6.42830483], [6500036.0, 0.12], [6500103.0, 0.002162], [6500443.0, 0.12], [6500480.0, 0.000252], [6500583.0, 0.0505], [6500850.0, 0.12], [6500905.0, 0.00868393], [6501249.0, 0.0001], [6501257.0, 0.12], [6501600.0, 0.000252], [6501664.0, 0.12], [6501907.0, 0.0495], [6502000.0, 0.08], [6502034.0, 0.0001], [6502071.0, 0.12], [6502222.0, 0.0115], [6502499.0, 0.0001], [6502720.0, 0.000252], [6502858.0, 0.0462], [6502859.0, 0.042425], [6503006.0, 0.0768], [6503491.0, 0.01], [6503546.0, 0.0505], [6503718.0, 0.1], [6503749.0, 0.0001], [6503840.0, 0.000252], [6504846.0, 0.005], [6504847.0, 0.049], [6504960.0, 0.000252], [6504977.0, 0.002], [6504999.0, 0.0001], [6505000.0, 0.002], [6505001.0, 0.0001], [6505050.0, 0.01], [6505122.0, 0.001], [6505130.0, 0.0001], [6505133.0, 0.0091937], [6505340.0, 0.0091864]], "bids": [[6498207.0, 0.003], [6498007.0, 0.005], [6497977.0, 0.01702178], [6497976.0, 0.03], [6497971.0, 0.04998286], [6497835.0, 0.0978], [6497774.0, 0.0032], [6497094.0, 0.01800362], [6497093.0, 0.0091864], [6497088.0, 0.01601714], [6496879.0, 0.001], [6496624.0, 0.001], [6496621.0, 0.0091937], [6496426.0, 0.0768], [6496321.0, 0.001], [6496296.0, 0.002], [6496204.0, 0.12], [6496000.0, 0.000252], [6495995.0, 0.08], [6495805.0, 0.00918617], [6495802.0, 0.00918611], [6495796.0, 0.12], [6495232.0, 0.0091941], [6495227.0, 0.5], [6495226.0, 0.08787232], [6495201.0, 0.12], [6495001.0, 0.0001], [6494982.0, 0.0792], [6494881.0, 0.22503118], [6494880.0, 0.000252], [6494381.0, 0.12], [6494374.0, 0.048], [6493840.0, 0.13315094], [6493760.0, 0.000252], [6493751.0, 0.0002], [6493244.0, 0.2024], [6493064.0, 0.051], [6492640.0, 0.000252], [6492598.0, 0.001], [6492501.0, 0.0002]], "timestamp": 1618027212.0136647}
{"asks": [[6497588.0, 0.12], [6497996.0, 0.12], [6498404.0, 0.12], [6498790.0, 0.0816], [6498812.0, 0.118], [6498883.0, 0.004], [6499220.0, 0.12], [6499456.0, 0.003], [6499628.0, 0.12], [6499754.0, 0.32450184], [6499755.0, 0.01], [6499993.0, 0.0091937], [6500000.0, 6.17587957], [6500091.0, 0.0816], [6500103.0, 0.002162], [6500375.0, 0.05], [6500480.0, 0.000252], [6500687.0, 0.01], [6501249.0, 0.0001], [6501507.0, 0.08], [6501600.0, 0.000252], [6501939.0, 0.0341], [6501940.0, 0.0495], [6502000.0, 0.08], [6502034.0, 0.0001], [6502222.0, 0.0115], [6502247.0, 0.00868393], [6502278.0, 0.005], [6502279.0, 0.0795], [6502499.0, 0.0001], [6502720.0, 0.000252], [6502859.0, 0.042425], [6503006.0, 0.0768], [6503546.0, 0.0505], [6503718.0, 0.1], [6503749.0, 0.0001], [6503840.0, 0.000252], [6504055.0, 0.04892475], [6504816.0, 0.005], [6504817.0, 0.002]], "bids": [[6496000.0, 0.000252], [6495382.0, 0.01315094], [6495232.0, 0.08787232], [6495001.0, 0.0001], [6494880.0, 0.000252], [6494578.0, 0.001], [6494247.0, 0.12], [6493840.0, 0.12], [6493760.0, 0.000252], [6493751.0, 0.0002], [6493719.0, 0.01], [6493244.0, 0.2024], [6492640.0, 0.120252], [6492501.0, 0.0002], [6492374.0, 0.01], [6492195.0, 0.12], [6491654.0, 0.121], [6491530.0, 0.04632194], [6491529.0, 0.001], [6491520.0, 0.000252], [6491306.0, 0.002], [6491301.0, 0.00736186], [6491251.0, 0.0002], [6491067.0, 0.01901264], [6490713.0, 0.1], [6490400.0, 0.000252], [6490076.0, 0.006], [6490001.0, 0.0002], [6489370.0, 0.001], [6489337.0, 0.0025], [6489280.0, 0.000252], [6489183.0, 0.07173087], [6488920.0, 0.02], [6488751.0, 0.0002], [6488407.0, 0.052], [6488160.0, 0.000252], [6487916.0, 0.375], [6487501.0, 0.0002], [6487500.0, 0.001], [6487114.0, 0.5888]], "timestamp": 1618027217.0236263}
{"asks": [[6499360.0, 0.000252], [6499733.0, 0.001], [6499734.0, 0.00919493], [6499736.0, 0.0091937], [6499741.0, 0.0091864], [6499746.0, 0.0396], [6499913.0, 0.01433512], [6499966.0, 0.12], [6499976.0, 0.001], [6499984.0, 0.00918611], [6499990.0, 0.01838027], [6499999.0, 0.0031], [6500000.0, 6.17587957], [6500103.0, 0.002162], [6500375.0, 0.12], [6500480.0, 0.000252], [6500895.0, 0.0799], [6501248.0, 0.12], [6501249.0, 0.0001], [6501507.0, 0.08], [6501600.0, 0.000252], [6501701.0, 0.1999], [6501940.0, 0.0495], [6502000.0, 0.08], [6502034.0, 0.0001], [6502189.0, 0.122], [6502222.0, 0.0115], [6502499.0, 0.0001], [6502684.0, 0.12], [6502720.0, 0.000252], [6502859.0, 0.042425], [6503006.0, 0.0768], [6503546.0, 0.0505], [6503718.0, 0.1], [6503749.0, 0.0001], [6503840.0, 0.000252], [6503954.0, 0.8319], [6503976.0, 0.001], [6504016.0, 0.00615659], [6504488.0, 0.0025]], "bids": [[6498299.0, 0.003], [6498180.0, 0.02604808], [6497153.0, 0.003], [6496382.0, 0.01], [6496381.0, 0.008], [6495953.0, 0.005], [6495099.0, 0.0799], [6495093.0, 0.12], [6495034.0, 0.03], [6495029.0, 0.0776], [6494880.0, 0.000252], [6494821.0, 0.066], [6494820.0, 0.048], [6494685.0, 0.005], [6494684.0, 0.12], [6494275.0, 0.12], [6493874.0, 0.001], [6493866.0, 0.12], [6493710.0, 0.00565119], [6493475.0, 0.00919493], [6493473.0, 0.0091937], [6493468.0, 0.00918611], [6493458.0, 0.0296], [6493457.0, 0.12], [6493450.0, 0.08], [6493311.0, 0.05], [6493282.0, 0.0091864], [6493280.0, 0.01838027], [6493277.0, 0.10505621], [6493248.0, 0.5], [6493048.0, 0.12], [6492641.0, 0.005], [6492640.0, 0.000252], [6492501.0, 0.0002], [6492114.0, 0.0768], [6491921.0, 0.0495], [6491520.0, 0.000252], [6491301.0, 0.00436186], [6491251.0, 0.0002], [6491067.0, 0.01901264]], "timestamp": 1618027222.031092}
{"asks": [[6499971.0, 0.001], [6499972.0, 0.00919493], [6499974.0, 0.0091937], [6499988.0, 0.001], [6499990.0, 0.00918611], [6499999.0, 0.0001], [6500000.0, 6.17497957], [6500103.0, 0.002162], [6500480.0, 0.000252], [6501083.0, 0.0802], [6501177.0, 0.00935192], [6501178.0, 0.01433512], [6501247.0, 0.0088], [6501248.0, 0.12], [6501249.0, 0.0001], [6501600.0, 0.000252], [6501701.0, 0.1999], [6502000.0, 0.08], [6502034.0, 0.0001], [6502189.0, 0.12], [6502222.0, 0.0115], [6502499.0, 0.0001], [6502684.0, 0.12], [6502716.0, 0.1], [6502720.0, 0.000252], [6502859.0, 0.042425], [6503005.0, 0.005], [6503006.0, 0.0768], [6503546.0, 0.1705], [6503749.0, 0.0001], [6503840.0, 0.000252], [6504339.0, 0.12], [6504350.0, 0.002], [6504722.0, 0.001], [6504727.0, 0.005], [6504728.0, 0.001], [6504766.0, 0.0091864], [6504771.0, 0.00918617], [6504960.0, 0.000252], [6504996.0, 0.0091941]], "bids": [[6498749.0, 0.4847], [6496535.0, 0.0091864], [6496533.0, 0.0091941], [6496530.0, 0.051], [6496461.0, 0.00918617], [6496458.0, 0.005], [6496457.0, 0.001], [6496456.0, 0.00919493], [6496455.0, 0.00918611], [6496454.0, 0.0091937], [6496450.0, 0.066], [6496444.0, 0.5], [6496340.0, 0.0824], [6496321.0, 0.0473], [6496320.0, 0.12], [6496007.0, 0.10505621], [6496000.0, 0.000252], [6495911.0, 0.12], [6495503.0, 0.005], [6495502.0, 0.12], [6495119.0, 0.00565119], [6495114.0, 0.001], [6495099.0, 0.0799], [6495093.0, 0.12], [6495029.0, 0.0776], [6494880.0, 0.000252], [6494820.0, 0.048], [6494684.0, 0.12], [6494275.0, 0.12], [6493761.0, 0.005], [6493760.0, 0.000252], [6493450.0, 0.08], [6493311.0, 0.05], [6492640.0, 0.000252], [6492501.0, 0.0002], [6492114.0, 0.0768], [6491921.0, 0.0495], [6491520.0, 0.000252], [6491301.0, 0.00436186], [6491251.0, 0.0002]], "timestamp": 1618027227.0156744}
{"asks": [[6500000.0, 4.94882002], [6500103.0, 0.002162], [6500480.0, 0.000252], [6501249.0, 0.0001], [6501371.0, 0.12], [6501600.0, 0.000252], [6501779.0, 0.0066], [6501780.0, 0.12], [6502000.0, 0.08], [6502034.0, 0.0001], [6502171.0, 0.01433512], [6502179.0, 0.001], [6502189.0, 0.12], [6502222.0, 0.0115], [6502486.0, 0.002], [6502488.0, 0.0482], [6502499.0, 0.0001], [6502684.0, 0.12], [6502716.0, 0.1], [6502720.0, 0.000252], [6502859.0, 0.042425], [6503006.0, 0.0768], [6503453.0, 0.0801], [6503668.0, 0.12], [6503748.0, 0.00935192], [6503749.0, 0.0001], [6503840.0, 0.000252], [6504562.0, 0.0515], [6504765.0, 0.12], [6504960.0, 0.000252], [6504999.0, 0.0001], [6505000.0, 0.002], [6505001.0, 0.0001], [6505050.0, 0.01], [6505130.0, 0.0001], [6505341.0, 0.00918617], [6505345.0, 0.0001], [6505477.0, 0.005], [6505479.0, 0.001], [6505482.0, 0.0091864]], "bids": [[6498761.0, 0.005], [6498749.0, 0.4882], [6498429.0, 0.0032], [6498102.0, 0.005], [6498100.0, 0.0482], [6498065.0, 0.0091864], [6498060.0, 0.0495], [6497957.0, 0.0231], [6497785.0, 0.001], [6497777.0, 0.10505621], [6497747.0, 0.08], [6497547.0, 0.12], [6497485.0, 0.0801], [6497138.0, 0.12], [6497011.0, 0.00565119], [6496745.0, 0.001], [6496740.0, 0.01838027], [6496737.0, 0.00919493], [6496736.0, 0.00918611], [6496735.0, 0.0091937], [6496729.0, 0.12], [6496531.0, 0.005], [6496530.0, 0.051], [6496340.0, 0.0824], [6496007.0, 0.12], [6496000.0, 0.000252], [6495503.0, 0.19613974], [6495029.0, 0.1976], [6494880.0, 0.000252], [6494820.0, 0.048], [6493762.0, 0.005], [6493760.0, 0.000252], [6493450.0, 0.08], [6493311.0, 0.05], [6493024.0, 0.01], [6492863.0, 0.001], [6492641.0, 0.04773999], [6492640.0, 0.000252], [6492535.0, 0.00102031], [6492501.0, 0.0002]], "timestamp": 1618027232.0075183}
{"asks": [[6499999.0, 0.003], [6500000.0, 3.88373945], [6500103.0, 0.002162], [6500480.0, 0.000252], [6500554.0, 0.12], [6500962.0, 0.12], [6501249.0, 0.0001], [6501371.0, 0.12], [6501600.0, 0.000252], [6501780.0, 0.12], [6501865.0, 0.01433512], [6502000.0, 0.08], [6502034.0, 0.0001], [6502189.0, 0.12], [6502222.0, 0.0115], [6502499.0, 0.0001], [6502683.0, 0.0539], [6502684.0, 0.12], [6502716.0, 0.1], [6502720.0, 0.000252], [6502859.0, 0.042425], [6503006.0, 0.16596675], [6503058.0, 0.05], [6503747.0, 0.01035192], [6503749.0, 0.0001], [6503840.0, 0.000252], [6504086.0, 0.082], [6504562.0, 0.0515], [6504960.0, 0.000252], [6504999.0, 0.0001], [6505000.0, 0.002], [6505001.0, 0.0001], [6505050.0, 0.01], [6505130.0, 0.0001], [6505337.0, 0.00918617], [6505345.0, 0.0001], [6505446.0, 0.001], [6505454.0, 0.001], [6505455.0, 0.00919493], [6505456.0, 0.00918611]], "bids": [[6499204.0, 0.003], [6498761.0, 0.005], [6498751.0, 0.0001], [6498750.0, 0.0187], [6498749.0, 0.4882], [6498034.0, 0.001], [6498033.0, 0.00919493], [6498026.0, 0.0091864], [6497797.0, 0.01838027], [6497747.0, 0.08], [6497501.0, 0.0001], [6497144.0, 0.00918611], [6497143.0, 0.0091937], [6497138.0, 0.12], [6497012.0, 0.07613974], [6496729.0, 0.12], [6496703.0, 0.00565119], [6496530.0, 0.051], [6496341.0, 0.04941021], [6496340.0, 0.0824], [6496251.0, 0.0001], [6496007.0, 0.12], [6496000.0, 0.000252], [6495503.0, 0.12], [6495029.0, 0.1976], [6495001.0, 0.0001], [6494880.0, 0.000252], [6494820.0, 0.048], [6493762.0, 0.12], [6493760.0, 0.000252], [6493751.0, 0.0002], [6493450.0, 0.08], [6493311.0, 0.05], [6493166.0, 0.001], [6492951.0, 0.01], [6492863.0, 0.001], [6492640.0, 0.000252], [6492535.0, 0.00102031], [6492501.0, 0.0002], [6491750.0, 0.006]], "timestamp": 1618027237.0004485}
{"asks": [[6500000.0, 3.01660853], [6500103.0, 0.002162], [6500480.0, 0.000252], [6501249.0, 0.0001], [6501463.0, 0.12], [6501600.0, 0.000252], [6501664.0, 0.01433512], [6501870.0, 0.12], [6502000.0, 0.08], [6502034.0, 0.0001], [6502222.0, 0.0115], [6502277.0, 0.12], [6502499.0, 0.0001], [6502684.0, 0.12], [6502716.0, 0.1], [6502720.0, 0.000252], [6502859.0, 0.042425], [6503507.0, 0.001], [6503747.0, 0.0242], [6503748.0, 0.12], [6503749.0, 0.0001], [6503840.0, 0.000252], [6504139.0, 0.005], [6504562.0, 0.12], [6504744.0, 0.0784], [6504959.0, 0.01035192], [6504960.0, 0.000252], [6504999.0, 0.0001], [6505000.0, 0.002], [6505001.0, 0.0001], [6505050.0, 0.01], [6505130.0, 0.0001], [6505345.0, 0.0001], [6505426.0, 0.001], [6505434.0, 0.0091937], [6505439.0, 0.00919493], [6505440.0, 0.00918611], [6505441.0, 0.001], [6505446.0, 0.08916675], [6505449.0, 0.0091864]], "bids": [[6499461.0, 0.01701714], [6499282.0, 0.0792], [6498876.0, 0.01], [6498750.0, 0.0407], [6498749.0, 0.4882], [6498475.0, 0.0032], [6498056.0, 0.10505621], [6497747.0, 0.08], [6497669.0, 0.049], [6497545.0, 0.12], [6497502.0, 0.04817848], [6497501.0, 0.0001], [6497171.0, 0.001], [6497163.0, 0.00918611], [6497162.0, 0.0091937], [6497157.0, 0.01019493], [6497150.0, 0.07613974], [6497149.0, 0.0091864], [6497138.0, 0.12], [6496729.0, 0.12], [6496505.0, 0.00565119], [6496340.0, 0.0824], [6496253.0, 0.1685], [6496251.0, 0.0001], [6496000.0, 0.000252], [6495222.0, 0.00101317], [6495029.0, 0.1976], [6495001.0, 0.0001], [6494880.0, 0.000252], [6494820.0, 0.048], [6493760.0, 0.120252], [6493751.0, 0.0002], [6492698.0, 0.001], [6492640.0, 0.000252], [6492598.0, 0.01], [6492501.0, 0.0002], [6492269.0, 0.0184003], [6492266.0, 0.375], [6492251.0, 0.001], [6491750.0, 0.006]], "timestamp": 1618027242.005405}
{"asks": [[6500000.0, 2.37470247], [6500103.0, 0.002162], [6500480.0, 0.000252], [6500756.0, 0.01433512], [6501249.0, 0.0001], [6501600.0, 0.120252], [6502000.0, 0.08], [6502034.0, 0.1201], [6502222.0, 0.0115], [6502363.0, 0.005], [6502499.0, 0.0001], [6502720.0, 0.000252], [6502858.0, 0.0099], [6502859.0, 0.042425], [6502893.0, 0.0776], [6503006.0, 0.001], [6503075.0, 0.01035192], [6503076.0, 0.0505], [6503749.0, 0.1201], [6503840.0, 0.000252], [6504653.0, 0.1695], [6504744.0, 0.0784], [6504960.0, 0.000252], [6504999.0, 0.0001], [6505000.0, 0.002], [6505001.0, 0.0001], [6505050.0, 0.01], [6505130.0, 0.1201], [6505330.0, 0.005], [6505331.0, 0.001], [6505339.0, 0.00918611], [6505340.0, 0.0091937], [6505345.0, 0.0001], [6505409.0, 0.0091864], [6505411.0, 0.0184003], [6505414.0, 0.00919493], [6505421.0, 0.001], [6505446.0, 0.08916675], [6505494.0, 0.0006], [6505523.0, 0.00097965]], "bids": [[6499999.0, 0.01], [6499998.0, 0.07371124], [6497715.0, 0.0091864], [6497705.0, 0.066], [6497704.0, 0.10005621], [6497675.0, 0.07613974], [6497501.0, 0.0001], [6497471.0, 0.12], [6497064.0, 0.12], [6496657.0, 0.12], [6496480.0, 0.051], [6496375.0, 0.08], [6496251.0, 0.054], [6496250.0, 0.12], [6496000.0, 0.000252], [6495843.0, 0.12], [6495601.0, 0.00565119], [6495436.0, 0.12], [6495222.0, 0.00101317], [6495173.0, 0.051], [6495029.0, 0.0776], [6495001.0, 0.0001], [6494880.0, 0.000252], [6493760.0, 0.000252], [6493751.0, 0.0002], [6493626.0, 0.001], [6492718.0, 0.001], [6492716.0, 0.00918611], [6492715.0, 0.0091937], [6492710.0, 0.001], [6492709.0, 0.00919493], [6492640.0, 0.000252], [6492632.0, 0.001], [6492501.0, 0.0002], [6492253.0, 0.0184003], [6492250.0, 0.375], [6492249.0, 0.0505], [6491580.0, 0.08], [6491520.0, 0.000252], [6491333.0, 0.01]], "timestamp": 1618027247.0009046}
{"asks": [[6500000.0, 1.84844261], [6500103.0, 0.002162], [6500480.0, 0.000252], [6501193.0, 0.12], [6501249.0, 0.0001], [6501435.0, 0.01433512], [6501600.0, 0.120252], [6502000.0, 0.08], [6502034.0, 0.1201], [6502222.0, 0.0115], [6502499.0, 0.0001], [6502720.0, 0.000252], [6502859.0, 0.042425], [6502893.0, 0.0776], [6503248.0, 0.05], [6503360.0, 0.01035192], [6503749.0, 0.1201], [6503840.0, 0.000252], [6504653.0, 0.1695], [6504744.0, 0.0784], [6504960.0, 0.000252], [6504999.0, 0.0001], [6505000.0, 0.002], [6505001.0, 0.0001], [6505050.0, 0.01], [6505129.0, 0.005], [6505130.0, 0.1201], [6505345.0, 0.0001], [6505494.0, 0.0006], [6505512.0, 0.001], [6505513.0, 0.00919493], [6505518.0, 0.001], [6505520.0, 0.0092062], [6505521.0, 0.0091864], [6505523.0, 0.01017375], [6505526.0, 0.00918611], [6505527.0, 0.0091937], [6505555.0, 0.05], [6505669.0, 0.0001], [6505950.0, 0.0001]], "bids": [[6499782.0, 0.0032], [6498050.0, 0.004], [6497689.0, 0.001], [6497681.0, 0.0091864], [6497673.0, 0.01], [6497501.0, 0.0001], [6497479.0, 0.00919493], [6497472.0, 0.0957], [6497471.0, 0.12], [6497064.0, 0.12], [6496658.0, 0.04906005], [6496657.0, 0.12], [6496479.0, 0.0495], [6496375.0, 0.08], [6496282.0, 0.00565119], [6496251.0, 0.0001], [6496250.0, 0.12], [6496000.0, 0.000252], [6495843.0, 0.12], [6495436.0, 0.12], [6495222.0, 0.00101317], [6495173.0, 0.051], [6495029.0, 0.0776], [6495001.0, 0.0001], [6494880.0, 0.000252], [6493760.0, 0.000252], [6493751.0, 0.0002], [6493199.0, 0.001], [6493112.0, 0.375], [6492886.0, 0.001], [6492640.0, 0.000252], [6492501.0, 0.0002], [6492283.0, 0.0092062], [6492280.0, 0.01], [6492267.0, 0.001], [6492262.0, 0.0091941], [6492259.0, 0.00918611], [6492249.0, 0.0505], [6491831.0, 0.006], [6491580.0, 0.08]], "timestamp": 1618027252.0587308}
{"asks": [[6500000.0, 0.34710857], [6500103.0, 0.002162], [6500480.0, 0.000252], [6501249.0, 0.0001], [6501308.0, 0.03], [6501313.0, 0.12], [6501600.0, 0.000252], [6501719.0, 0.12], [6501833.0, 0.01433512], [6502000.0, 0.08], [6502034.0, 0.0001], [6502125.0, 0.12], [6502222.0, 0.0115], [6502499.0, 0.0001], [6502531.0, 0.12], [6502720.0, 0.000252], [6502859.0, 0.042425], [6502893.0, 0.0776], [6502937.0, 0.12], [6503749.0, 0.0001], [6503840.0, 0.120252], [6504620.0, 0.0485], [6504743.0, 0.01035192], [6504744.0, 0.0784], [6504766.0, 0.0485], [6504960.0, 0.000252], [6504999.0, 0.0001], [6505000.0, 0.002], [6505001.0, 0.0001], [6505016.0, 0.0804], [6505050.0, 0.01], [6505130.0, 0.0001], [6505345.0, 0.0001], [6505489.0, 0.0091937], [6505494.0, 0.0016], [6505495.0, 0.00919493], [6505502.0, 0.0091864], [6505515.0, 0.001], [6505523.0, 0.00097965], [6505546.0, 0.00918611]], "bids": [[6499890.0, 0.0483], [6499782.0, 0.0032], [6499462.0, 0.0804], [6499213.0, 0.10005621], [6498068.0, 0.0091937], [6498063.0, 0.00919493], [6498056.0, 0.0091864], [6498052.0, 0.0044], [6498051.0, 0.07613974], [6497967.0, 0.05], [6497876.0, 0.12], [6497501.0, 0.0001], [6497471.0, 0.12], [6497065.0, 0.04968682], [6496688.0, 0.001], [6496680.0, 0.00565119], [6496657.0, 0.12], [6496479.0, 0.0495], [6496375.0, 0.08], [6496251.0, 0.0001], [6496250.0, 0.12], [6496000.0, 0.000252], [6495843.0, 0.12], [6495222.0, 0.12101317], [6495173.0, 0.051], [6495029.0, 0.0776], [6495001.0, 0.0001], [6494880.0, 0.000252], [6493760.0, 0.000252], [6493751.0, 0.0002], [6492867.0, 0.0184003], [6492772.0, 0.01], [6492640.0, 0.000252], [6492501.0, 0.0002], [6492001.0, 0.001], [6491831.0, 0.006], [6491829.0, 0.001], [6491589.0, 0.001], [6491587.0, 0.00918611], [6491581.0, 0.37942045]], "timestamp": 1618027257.0169816}
{"asks": [[6502000.0, 0.00033512], [6502034.0, 0.0001], [6502222.0, 0.0115], [6502499.0, 0.0001], [6502720.0, 0.000252], [6502859.0, 0.042425], [6503684.0, 0.002], [6503749.0, 0.0001], [6503840.0, 0.120252], [6503930.0, 0.001], [6504260.0, 0.00789214], [6504377.0, 0.0121], [6504743.0, 0.12], [6504744.0, 0.0784], [6504960.0, 0.000252], [6504999.0, 0.0001], [6505000.0, 0.002], [6505001.0, 0.0001], [6505049.0, 0.01035192], [6505050.0, 0.01], [6505130.0, 0.0001], [6505338.0, 0.00919493], [6505345.0, 0.1201], [6505473.0, 0.001], [6505481.0, 0.0091864], [6505483.0, 0.0092062], [6505486.0, 0.0091941], [6505494.0, 0.0006], [6505523.0, 0.00097965], [6505555.0, 0.05], [6505664.0, 0.0091937], [6505669.0, 0.0001], [6505721.0, 0.00918611], [6505727.0, 0.0804], [6505752.0, 0.12], [6505942.0, 0.004], [6505950.0, 0.0001], [6505955.0, 0.0006], [6506080.0, 0.000252], [6506124.0, 0.0832]], "bids": [[6500655.0, 0.005], [6500645.0, 0.01], [6500326.0, 0.0033], [6500145.0, 0.0032], [6499782.0, 0.0032], [6499221.0, 0.001], [6499106.0, 0.01354333], [6499091.0, 0.12], [6498759.0, 0.00918611], [6498754.0, 0.04966933], [6498686.0, 0.12], [6498281.0, 0.12], [6498240.0, 0.000252], [6498174.0, 0.001], [6498173.0, 0.0091937], [6498168.0, 0.00919493], [6498162.0, 0.0143], [6498161.0, 0.1608], [6498057.0, 0.07613974], [6497976.0, 0.0091864], [6497971.0, 0.0184003], [6497968.0, 0.5], [6497876.0, 0.12], [6497683.0, 0.0784], [6497501.0, 0.0001], [6497471.0, 0.12], [6497374.0, 0.0010073], [6497120.0, 0.000252], [6496657.0, 0.12], [6496479.0, 0.0495], [6496375.0, 0.08], [6496251.0, 0.0001], [6496000.0, 0.000252], [6495173.0, 0.051], [6495029.0, 0.0776], [6495001.0, 0.0001], [6494880.0, 0.000252], [6494347.0, 0.01], [6493760.0, 0.000252], [6493751.0, 0.0002]], "timestamp": 1618027262.0230455}
{"asks": [[6505269.0, 0.37575384], [6505270.0, 0.01415797], [6505345.0, 0.0001], [6505486.0, 0.001], [6505494.0, 0.0006], [6505523.0, 0.00097965], [6505529.0, 0.00919493], [6505669.0, 0.0001], [6505950.0, 0.0092937], [6505955.0, 0.0006], [6506080.0, 0.120252], [6506089.0, 0.00918611], [6506249.0, 0.0001], [6507199.0, 0.066], [6507200.0, 0.120252], [6507236.0, 0.05], [6507499.0, 0.0002], [6507614.0, 0.12], [6507671.0, 0.001], [6507792.0, 0.002], [6507873.0, 0.001], [6507881.0, 0.0824], [6508320.0, 0.120252], [6508587.0, 0.005], [6508588.0, 0.051], [6508749.0, 0.1202], [6509182.0, 0.123], [6509437.0, 0.0091941], [6509440.0, 0.000252], [6509730.0, 0.0091864], [6509733.0, 0.0092062], [6509735.0, 0.0006], [6509886.0, 0.0083], [6509892.0, 0.001], [6509973.0, 0.0776], [6509999.0, 0.0002], [6510000.0, 0.0145], [6510092.0, 0.001], [6510188.0, 0.005], [6510338.0, 0.0006]], "bids": [[6503232.0, 0.003], [6502983.0, 0.0032], [6502884.0, 0.0818], [6502678.0, 0.03], [6502673.0, 0.0776], [6502437.0, 0.12], [6502285.0, 0.01], [6502035.0, 0.066], [6502034.0, 0.12], [6502020.0, 0.02], [6501631.0, 0.12], [6501359.0, 0.0091864], [6501357.0, 0.0092062], [6501354.0, 0.0792], [6501229.0, 0.0352], [6501228.0, 0.12], [6500825.0, 0.12], [6500422.0, 0.12], [6500144.0, 0.001], [6500113.0, 0.00626583], [6500022.0, 0.0091941], [6500015.0, 0.0768], [6499807.0, 0.051], [6499360.0, 0.000252], [6498914.0, 0.001], [6498912.0, 0.00918611], [6498485.0, 0.0505], [6498240.0, 0.000252], [6498237.0, 0.0091937], [6498232.0, 0.00919493], [6498225.0, 0.5], [6498128.0, 0.00100322], [6498124.0, 0.05], [6498122.0, 0.57224616], [6498115.0, 0.01], [6497928.0, 0.0784], [6497927.0, 0.001], [6497501.0, 0.0001], [6497120.0, 0.000252], [6496509.0, 0.10005621]], "timestamp": 1618027267.0223558}
{"asks": [[6505955.0, 0.00047965], [6506080.0, 0.000252], [6506249.0, 0.0001], [6507000.0, 0.0001], [6507200.0, 0.120252], [6507499.0, 0.0002], [6507614.0, 0.20964613], [6507881.0, 0.0824], [6508160.0, 0.01329719], [6508319.0, 0.01], [6508320.0, 0.120252], [6508588.0, 0.051], [6508749.0, 0.1202], [6509182.0, 0.123], [6509440.0, 0.000252], [6509730.0, 0.12], [6509735.0, 0.0006], [6509886.0, 0.0083], [6509973.0, 0.0776], [6509999.0, 0.0002], [6510000.0, 0.0145], [6510091.0, 0.005], [6510092.0, 0.001], [6510286.0, 0.001], [6510315.0, 0.001], [6510338.0, 0.0006], [6510489.0, 0.002], [6510560.0, 0.000252], [6510971.0, 0.0091937], [6510976.0, 0.001], [6510977.0, 0.00919493], [6510984.0, 0.0091864], [6510986.0, 0.0092062], [6510989.0, 0.0091941], [6510994.0, 0.00918611], [6511000.0, 0.7796], [6511060.0, 0.0006], [6511249.0, 0.0002], [6511680.0, 0.000252], [6511820.0, 0.8319]], "bids": [[6503035.0, 0.62324616], [6503034.0, 0.01], [6502999.0, 0.03], [6502995.0, 0.0319], [6502993.0, 0.00790652], [6502983.0, 0.0032], [6502911.0, 0.001], [6502908.0, 0.0091937], [6502903.0, 0.0091864], [6502901.0, 0.0092062], [6502898.0, 0.0091941], [6502849.0, 0.00919493], [6502842.0, 0.0198], [6502841.0, 0.12], [6502708.0, 0.10005621], [6502673.0, 0.0776], [6502437.0, 0.12], [6502042.0, 0.001], [6502040.0, 0.00918611], [6502035.0, 0.5], [6502034.0, 0.12], [6502020.0, 0.1], [6501631.0, 0.12], [6501600.0, 0.000252], [6501354.0, 0.0792], [6501229.0, 0.05813974], [6501228.0, 0.12], [6501183.0, 0.0505], [6500825.0, 0.12], [6500566.0, 0.001], [6500538.0, 0.001], [6500480.0, 0.000252], [6500015.0, 0.0768], [6499807.0, 0.051], [6499360.0, 0.000252], [6499061.0, 0.001], [6499025.0, 0.001], [6498485.0, 0.0505], [6498240.0, 0.000252], [6497928.0, 0.0784]], "timestamp": 1618027272.0225465}
{"asks": [[6505270.0, 0.20663429], [6507211.0, 0.12], [6507880.0, 0.0539], [6507881.0, 0.0824], [6508025.0, 0.01346101], [6508320.0, 0.120252], [6508747.0, 0.01], [6508749.0, 0.1202], [6509182.0, 0.123], [6509345.0, 0.05], [6509440.0, 0.000252], [6509730.0, 0.20964613], [6509735.0, 0.0006], [6509886.0, 0.0083], [6509899.0, 0.001], [6509973.0, 0.0776], [6509999.0, 0.0002], [6510000.0, 0.0145], [6510092.0, 0.001], [6510286.0, 0.12], [6510337.0, 0.005], [6510338.0, 0.0006], [6510560.0, 0.000252], [6510776.0, 0.0485], [6510823.0, 0.001], [6510933.0, 0.001], [6510941.0, 0.0091937], [6510946.0, 0.001], [6510947.0, 0.00919493], [6510954.0, 0.0091864], [6510959.0, 0.0092062], [6510962.0, 0.0091941], [6510994.0, 0.00918611], [6510999.0, 0.003], [6511000.0, 0.7796], [6511060.0, 0.0006], [6511249.0, 0.0002], [6511260.0, 0.002], [6511680.0, 0.000252], [6511820.0, 0.8319]], "bids": [[6503984.0, 0.003], [6503843.0, 0.001], [6503840.0, 0.000252], [6503269.0, 0.0032], [6503244.0, 0.12], [6503229.0, 0.001], [6503227.0, 0.00918611], [6503221.0, 0.0091937], [6503217.0, 0.0411], [6503212.0, 0.0209], [6503211.0, 0.5], [6503052.0, 0.004], [6502865.0, 0.001], [6502864.0, 0.00919493], [6502857.0, 0.0091864], [6502854.0, 0.00807034], [6502852.0, 0.0091941], [6502841.0, 0.12], [6502750.0, 0.10005621], [6502720.0, 0.000252], [6502673.0, 0.0776], [6502583.0, 0.0485], [6502437.0, 0.12], [6502038.0, 0.0092062], [6502034.0, 0.12], [6502020.0, 0.1], [6501631.0, 0.12], [6501600.0, 0.000252], [6501354.0, 0.0792], [6501251.0, 0.0001], [6501183.0, 0.1705], [6501075.0, 0.001], [6500480.0, 0.000252], [6500426.0, 0.00099701], [6500270.0, 0.001], [6500152.0, 0.001], [6500015.0, 0.0768], [6500001.0, 0.0001], [6499807.0, 0.051], [6499720.0, 0.001]], "timestamp": 1618027277.0760238}
{"asks": [[6508319.0, 0.86175384], [6508320.0, 0.000252], [6508345.0, 0.12], [6508749.0, 0.1202], [6509132.0, 0.01], [6509133.0, 0.0515], [6509182.0, 0.123], [6509397.0, 0.0484], [6509440.0, 0.000252], [6509561.0, 0.01346101], [6509730.0, 0.20964613], [6509735.0, 0.0006], [6509886.0, 0.0083], [6509917.0, 0.0809], [6509973.0, 0.0776], [6509999.0, 0.0002], [6510000.0, 0.0145], [6510092.0, 0.001], [6510286.0, 0.12], [6510338.0, 0.0006], [6510560.0, 0.000252], [6510692.0, 0.125], [6510776.0, 0.0485], [6510847.0, 0.001], [6510917.0, 0.0091937], [6510922.0, 0.001], [6510923.0, 0.00919493], [6510930.0, 0.00921793], [6510935.0, 0.0092062], [6510985.0, 0.001], [6511000.0, 0.7796], [6511060.0, 0.0006], [6511249.0, 0.0002], [6511328.0, 0.001], [6511504.0, 0.002], [6511680.0, 0.000252], [6512065.0, 0.0824], [6512246.0, 0.0001], [6512295.0, 0.0001], [6512355.0, 0.0091941]], "bids": [[6505628.0, 0.0032], [6505456.0, 0.003], [6504370.0, 0.0091941], [6504367.0, 0.003], [6504360.0, 0.1221], [6504359.0, 0.47505228], [6504283.0, 0.00918611], [6504276.0, 0.0032], [6504165.0, 0.0809], [6504140.0, 0.005], [6504092.0, 0.0808], [6504050.0, 0.12], [6503840.0, 0.000252], [6503751.0, 0.0001], [6503660.0, 0.001], [6503652.0, 0.0091937], [6503647.0, 0.12], [6503457.0, 0.081], [6503266.0, 0.001], [6503265.0, 0.00919493], [6503258.0, 0.00921793], [6503253.0, 0.0092062], [6503244.0, 0.12], [6503052.0, 0.004], [6502841.0, 0.12], [6502720.0, 0.000252], [6502673.0, 0.0776], [6502501.0, 0.0001], [6502437.0, 0.12], [6502265.0, 0.00099189], [6502034.0, 0.12], [6502020.0, 0.1], [6501600.0, 0.000252], [6501593.0, 0.05], [6501355.0, 0.05813974], [6501354.0, 0.0792], [6501251.0, 0.0001], [6501099.0, 0.001], [6500860.0, 0.001], [6500616.0, 0.001]], "timestamp": 1618027282.013967}
{"asks": [[6505502.0, 0.0098], [6506080.0, 0.000252], [6506758.0, 0.001], [6507173.0, 0.12], [6507200.0, 0.000252], [6508307.0, 0.066], [6508308.0, 0.548], [6508309.0, 0.0816], [6508320.0, 0.000252], [6508343.0, 0.005], [6509299.0, 0.12], [6509440.0, 0.000252], [6509734.0, 0.12], [6509735.0, 0.0006], [6509886.0, 0.0083], [6509973.0, 0.0776], [6509999.0, 0.0002], [6510000.0, 0.0145], [6510092.0, 0.001], [6510121.0, 0.001], [6510338.0, 0.1206], [6510560.0, 0.000252], [6510843.0, 0.001], [6510970.0, 0.001], [6510974.0, 0.00919493], [6510976.0, 0.00921793], [6510978.0, 0.0092062], [6510981.0, 0.0091941], [6510984.0, 0.12918611], [6510990.0, 0.0091937], [6510995.0, 0.08964613], [6510999.0, 0.003], [6511000.0, 0.7796], [6511060.0, 0.0006], [6511196.0, 0.048], [6511249.0, 0.0002], [6511492.0, 0.12], [6511680.0, 0.000252], [6512238.0, 0.001], [6512246.0, 0.0001]], "bids": [[6503293.0, 0.0482], [6503123.0, 0.0495], [6502794.0, 0.0316], [6501820.0, 0.0352], [6501760.0, 0.05], [6501475.0, 0.12], [6501095.0, 0.001], [6501072.0, 0.12], [6500834.0, 0.001], [6500828.0, 0.00919493], [6500826.0, 0.00921793], [6500824.0, 0.0092062], [6500822.0, 0.21924616], [6500669.0, 0.12], [6500480.0, 0.000252], [6500265.0, 0.12], [6500001.0, 0.0001], [6499862.0, 0.005], [6499861.0, 0.12], [6499763.0, 0.0776], [6499464.0, 0.00918611], [6499360.0, 0.120252], [6499070.0, 0.00149952], [6498989.0, 0.048], [6498898.0, 0.006], [6498751.0, 0.0001], [6498725.0, 0.001], [6498452.0, 0.0776], [6498240.0, 0.000252], [6498194.0, 0.001], [6497502.0, 0.05813974], [6497501.0, 0.0001], [6497450.0, 0.0495], [6497120.0, 0.000252], [6497016.0, 0.001], [6496516.0, 0.001], [6496319.0, 0.00100367], [6496251.0, 0.0001], [6496030.0, 0.01], [6496000.0, 0.000252]], "timestamp": 1618027287.0138268}
{"asks": [[6505502.0, 0.0098], [6507677.0, 0.00919493], [6507687.0, 0.12], [6507803.0, 0.0484], [6508090.0, 0.12], [6508308.0, 0.0231], [6508309.0, 0.058904], [6508320.0, 0.000252], [6508463.0, 0.0192], [6508493.0, 0.12], [6508507.0, 0.048], [6508691.0, 0.0807], [6508896.0, 0.12], [6509022.0, 0.01046276], [6509132.0, 0.0807], [6509299.0, 0.12], [6509440.0, 0.000252], [6509446.0, 0.002], [6509468.0, 0.001], [6509734.0, 0.537], [6509735.0, 0.1206], [6509883.0, 0.0495], [6509886.0, 0.0083], [6509973.0, 0.0776], [6509999.0, 0.0002], [6510000.0, 0.0145], [6510092.0, 0.001], [6510338.0, 0.0006], [6510560.0, 0.000252], [6510953.0, 0.001], [6510956.0, 0.0091937], [6510961.0, 0.00921793], [6510966.0, 0.0091941], [6510974.0, 0.08964613], [6510999.0, 0.003], [6511000.0, 0.7796], [6511060.0, 0.0006], [6511196.0, 0.048], [6511249.0, 0.0002], [6511680.0, 0.000252]], "bids": [[6504307.0, 0.001], [6503860.0, 0.03], [6503850.0, 0.01], [6503849.0, 0.066], [6503848.0, 0.01196228], [6503840.0, 0.000252], [6503537.0, 0.0092062], [6503535.0, 0.0275], [6503533.0, 0.0091941], [6503525.0, 0.0484], [6503490.0, 0.12], [6503245.0, 0.001], [6503240.0, 0.001], [6503237.0, 0.0091937], [6503232.0, 0.00921793], [6503227.0, 0.048], [6503218.0, 0.0806], [6503101.0, 0.049], [6503087.0, 0.12], [6502795.0, 0.005], [6502794.0, 0.0316], [6502720.0, 0.000252], [6502685.0, 0.5], [6502684.0, 0.12], [6502571.0, 0.0807], [6502281.0, 0.12], [6501921.0, 0.1209], [6501878.0, 0.12], [6501820.0, 0.0352], [6501760.0, 0.05], [6501600.0, 0.000252], [6501475.0, 0.12], [6501073.0, 0.05813974], [6500929.0, 0.1613], [6500836.0, 0.005], [6500784.0, 0.001], [6500716.0, 0.001], [6500480.0, 0.000252], [6500099.0, 0.00435595], [6500001.0, 0.0001]], "timestamp": 1618027292.0165873}
{"asks": [[6509179.0, 0.01046276], [6509293.0, 0.0091937], [6509299.0, 0.12], [6509399.0, 0.002], [6509440.0, 0.000252], [6509619.0, 0.049], [6509719.0, 0.001], [6509727.0, 0.00919493], [6509729.0, 0.00921793], [6509734.0, 0.12], [6509735.0, 0.0006], [6509886.0, 0.0083], [6509972.0, 0.0055], [6509973.0, 0.0776], [6509999.0, 0.0002], [6510000.0, 0.0145], [6510018.0, 0.0816], [6510031.0, 0.0495], [6510092.0, 0.001], [6510338.0, 0.1206], [6510560.0, 0.000252], [6510671.0, 0.005], [6510690.0, 0.001], [6510942.0, 0.121], [6510950.0, 0.0092062], [6510953.0, 0.0091941], [6510974.0, 0.08964613], [6510999.0, 0.003], [6511000.0, 0.7796], [6511060.0, 0.0006], [6511249.0, 0.0002], [6511680.0, 0.120252], [6512115.0, 0.1856], [6512246.0, 0.0001], [6512295.0, 0.0001], [6512358.0, 0.01], [6512499.0, 0.0003], [6512732.0, 0.1], [6512800.0, 0.000252], [6512960.0, 0.0152]], "bids": [[6506002.0, 0.003], [6505648.0, 0.049], [6505535.0, 0.01], [6505505.0, 0.12], [6505177.0, 0.03], [6505172.0, 0.0816], [6505131.0, 0.066], [6505130.0, 0.01], [6505102.0, 0.12], [6504980.0, 0.01], [6504960.0, 0.000252], [6504906.0, 0.0792], [6504699.0, 0.12], [6504314.0, 0.05], [6504297.0, 0.0198], [6504296.0, 0.12], [6504038.0, 0.005], [6504012.0, 0.01196228], [6503893.0, 0.121], [6503885.0, 0.00919493], [6503883.0, 0.00921793], [6503840.0, 0.000252], [6503574.0, 0.0792], [6503490.0, 0.12], [6503092.0, 0.0091937], [6502869.0, 0.0505], [6502720.0, 0.000252], [6502692.0, 0.0092062], [6502689.0, 0.0091941], [6501923.0, 0.005], [6501796.0, 0.001], [6501600.0, 0.000252], [6500834.0, 0.001], [6500480.0, 0.000252], [6500186.0, 0.002], [6500099.0, 0.00435595], [6500001.0, 0.0001], [6499964.0, 0.0009935], [6499763.0, 0.0776], [6499396.0, 0.002]], "timestamp": 1618027297.0039349}
{"asks": [[6509178.0, 0.002252], [6509330.0, 0.12], [6509440.0, 0.000252], [6509655.0, 0.051], [6509734.0, 0.12], [6509735.0, 0.0006], [6509886.0, 0.0083], [6509919.0, 0.002], [6509999.0, 0.0002], [6510000.0, 0.0145], [6510092.0, 0.001], [6510337.0, 0.0121], [6510338.0, 0.1206], [6510560.0, 0.000252], [6510646.0, 0.0816], [6510807.0, 0.00989611], [6510909.0, 0.001], [6510919.0, 0.0092062], [6510922.0, 0.0091941], [6510925.0, 0.0091937], [6510927.0, 0.001], [6510930.0, 0.00921793], [6510935.0, 0.00919493], [6510941.0, 0.527], [6510942.0, 0.12], [6510974.0, 0.08964613], [6511000.0, 0.7796], [6511060.0, 0.0006], [6511249.0, 0.0002], [6511360.0, 0.05], [6511680.0, 0.120252], [6512115.0, 0.1856], [6512246.0, 0.0001], [6512295.0, 0.0001], [6512358.0, 0.01], [6512499.0, 0.0003], [6512732.0, 0.1], [6512800.0, 0.000252], [6512960.0, 0.0152], [6513460.0, 0.001]], "bids": [[6505698.0, 0.0092062], [6505687.0, 0.00838021], [6505678.0, 0.001], [6505676.0, 0.066], [6505670.0, 0.0091937], [6505665.0, 0.001], [6505662.0, 0.00921793], [6505629.0, 0.01239563], [6505506.0, 0.0066], [6505505.0, 0.12], [6505478.0, 0.001], [6505333.0, 0.049], [6505109.0, 0.00919493], [6505102.0, 0.12], [6504960.0, 0.000252], [6504906.0, 0.0792], [6504699.0, 0.12], [6504652.0, 0.0816], [6504298.0, 0.01], [6504296.0, 0.12], [6503893.0, 0.12], [6503840.0, 0.000252], [6503574.0, 0.0792], [6503490.0, 0.12], [6502869.0, 0.0505], [6502722.0, 0.005], [6502720.0, 0.000252], [6502693.0, 0.5], [6501718.0, 0.001], [6501600.0, 0.000252], [6501544.0, 0.002], [6501259.0, 0.001], [6500536.0, 0.005], [6500534.0, 0.002], [6500480.0, 0.000252], [6500099.0, 0.00435595], [6500001.0, 0.0001], [6499964.0, 0.0009935], [6499763.0, 0.0776], [6499360.0, 0.000252]], "timestamp": 1618027302.03184}
{"asks": [[6507856.0, 0.01], [6508357.0, 0.001252], [6508358.0, 0.002], [6508738.0, 0.049], [6509328.0, 0.0776], [6509330.0, 0.12], [6509440.0, 0.000252], [6509733.0, 0.0033], [6509734.0, 0.12], [6509735.0, 0.0006], [6509875.0, 0.05], [6509886.0, 0.0083], [6509999.0, 0.0002], [6510000.0, 0.0145], [6510092.0, 0.001], [6510338.0, 0.1206], [6510560.0, 0.000252], [6510603.0, 0.00989611], [6510622.0, 0.0091937], [6510624.0, 0.001], [6510627.0, 0.00921793], [6510632.0, 0.00919493], [6510639.0, 0.0092062], [6510642.0, 0.0091941], [6510646.0, 0.17124613], [6510859.0, 0.001], [6510942.0, 0.12], [6511000.0, 0.7796], [6511060.0, 0.0006], [6511249.0, 0.0002], [6511360.0, 0.05], [6511680.0, 0.120252], [6511734.0, 0.01024004], [6511745.0, 0.02152747], [6512115.0, 0.1856], [6512246.0, 0.0001], [6512295.0, 0.0001], [6512358.0, 0.01], [6512499.0, 0.0003], [6512726.0, 0.00918611]], "bids": [[6505709.0, 0.03], [6505704.0, 0.0649], [6505505.0, 0.12], [6505426.0, 0.01239563], [6505103.0, 0.0209], [6505102.0, 0.12], [6504960.0, 0.000252], [6504731.0, 0.0092062], [6504728.0, 0.049], [6504699.0, 0.12], [6504296.0, 0.12], [6503893.0, 0.12], [6503840.0, 0.000252], [6503751.0, 0.0001], [6503574.0, 0.0792], [6503490.0, 0.12], [6503282.0, 0.001], [6503084.0, 0.01], [6503081.0, 0.002], [6502996.0, 0.049], [6502720.0, 0.000252], [6502501.0, 0.0001], [6501600.0, 0.000252], [6501355.0, 0.005], [6501354.0, 0.0495], [6501251.0, 0.0001], [6501161.0, 0.05813974], [6500480.0, 0.000252], [6500099.0, 0.00435595], [6500001.0, 0.0001], [6499782.0, 0.001], [6499779.0, 0.00921793], [6499774.0, 0.00919493], [6499767.0, 0.0091941], [6499763.0, 0.0776], [6499552.0, 0.005], [6499422.0, 0.002], [6499360.0, 0.000252], [6499341.0, 0.01], [6499000.0, 0.0091937]], "timestamp": 1618027307.0259292}
{"asks": [[6506966.0, 0.011252], [6507200.0, 0.0008], [6509330.0, 0.12], [6509418.0, 0.0088], [6509440.0, 0.000252], [6509734.0, 0.12], [6509735.0, 0.0006], [6509886.0, 0.0083], [6509963.0, 0.0816], [6509998.0, 0.00989611], [6509999.0, 0.0002], [6510000.0, 0.0145], [6510010.0, 0.048], [6510092.0, 0.001], [6510321.0, 0.0091937], [6510323.0, 0.001], [6510326.0, 0.00921793], [6510331.0, 0.00919493], [6510338.0, 0.1206], [6510400.0, 0.1225], [6510560.0, 0.000252], [6510619.0, 0.0091941], [6510646.0, 0.0816], [6510789.0, 0.001], [6510931.0, 0.001], [6510939.0, 0.0092062], [6510942.0, 0.20964613], [6511000.0, 0.7796], [6511060.0, 0.0006], [6511249.0, 0.0002], [6511360.0, 0.05], [6511553.0, 0.1633], [6511567.0, 0.02152785], [6511568.0, 0.01024004], [6511680.0, 0.120252], [6512115.0, 0.1856], [6512246.0, 0.0001], [6512295.0, 0.0001], [6512352.0, 0.00918611], [6512358.0, 0.01]], "bids": [[6505511.0, 0.0038], [6505505.0, 0.12], [6505111.0, 0.001], [6505108.0, 0.0091937], [6505102.0, 0.12], [6505001.0, 0.0001], [6504960.0, 0.000252], [6504821.0, 0.01239563], [6504738.0, 0.00919493], [6504731.0, 0.0092062], [6504700.0, 0.0121], [6504699.0, 0.12], [6504310.0, 0.001], [6504302.0, 0.00921793], [6504297.0, 0.5], [6504296.0, 0.12], [6504092.0, 0.01], [6504091.0, 0.002], [6504032.0, 0.0816], [6503893.0, 0.12], [6503840.0, 0.000252], [6503751.0, 0.0001], [6503671.0, 0.001], [6503574.0, 0.0792], [6503490.0, 0.12], [6502996.0, 0.049], [6502840.0, 0.1225], [6502720.0, 0.000252], [6502501.0, 0.0001], [6502190.0, 0.005], [6502189.0, 0.1633], [6501929.0, 0.001], [6501600.0, 0.000252], [6501354.0, 0.0495], [6501251.0, 0.0001], [6501040.0, 0.001], [6500482.0, 0.005], [6500481.0, 0.05813974], [6500480.0, 0.000252], [6500099.0, 0.00435595]], "timestamp": 1618027312.0560915}
{"asks": [[6507499.0, 0.0002], [6508127.0, 0.0012], [6508749.0, 0.0002], [6508776.0, 0.0099], [6509054.0, 0.005], [6509065.0, 0.002], [6509321.0, 0.001], [6509330.0, 0.12], [6509440.0, 0.000252], [6509733.0, 0.0308], [6509734.0, 0.20964613], [6509735.0, 0.0006], [6509747.0, 0.0499], [6509886.0, 0.0083], [6509999.0, 0.0002], [6510000.0, 0.0145], [6510010.0, 0.048], [6510092.0, 0.001], [6510304.0, 0.0091937], [6510306.0, 0.001], [6510309.0, 0.00921793], [6510314.0, 0.00919493], [6510338.0, 0.1206], [6510560.0, 0.000252], [6510646.0, 0.0816], [6510659.0, 0.02152881], [6510683.0, 0.01024004], [6510724.0, 0.0822], [6510921.0, 0.00922155], [6510927.0, 0.0092062], [6510942.0, 0.12], [6511000.0, 0.7796], [6511007.0, 0.00989611], [6511048.0, 0.0832], [6511060.0, 0.0006], [6511249.0, 0.0002], [6511316.0, 0.001], [6511360.0, 0.05], [6511375.0, 0.1232], [6511553.0, 0.1633]], "bids": [[6505831.0, 0.0132], [6505830.0, 0.01239563], [6505110.0, 0.001], [6505107.0, 0.03], [6505102.0, 0.12], [6505001.0, 0.0001], [6504960.0, 0.000252], [6504883.0, 0.0768], [6504745.0, 0.00919493], [6504719.0, 0.00922155], [6504713.0, 0.0091937], [6504711.0, 0.001], [6504708.0, 0.00921793], [6504703.0, 0.0092062], [6504700.0, 0.5], [6504699.0, 0.12], [6504296.0, 0.12], [6503893.0, 0.12], [6503840.0, 0.000252], [6503808.0, 0.001], [6503753.0, 0.01], [6503751.0, 0.0001], [6503574.0, 0.0792], [6503490.0, 0.12], [6503360.0, 0.002], [6503136.0, 0.002], [6502996.0, 0.169], [6502720.0, 0.000252], [6502501.0, 0.0001], [6501606.0, 0.005], [6501600.0, 0.000252], [6501565.0, 0.001], [6501354.0, 0.0495], [6501251.0, 0.0001], [6500485.0, 0.05813974], [6500480.0, 0.000252], [6500101.0, 0.005], [6500099.0, 0.00435595], [6500001.0, 0.0001], [6499763.0, 0.0776]], "timestamp": 1618027317.008135}
{"asks": [[6509886.0, 0.005232], [6509999.0, 0.0002], [6510000.0, 0.0165], [6510092.0, 0.001], [6510338.0, 0.0006], [6510560.0, 0.000252], [6510631.0, 0.00921793], [6510927.0, 0.00919493], [6510934.0, 0.0091937], [6510941.0, 0.0418], [6510942.0, 0.12], [6510998.0, 0.00989611], [6511000.0, 0.7796], [6511060.0, 0.0006], [6511249.0, 0.0002], [6511680.0, 0.120252], [6512019.0, 0.02152465], [6512054.0, 0.05], [6512072.0, 0.001], [6512115.0, 0.1856], [6512120.0, 0.01024004], [6512246.0, 0.0001], [6512295.0, 0.0001], [6512358.0, 0.01], [6512499.0, 0.0003], [6512520.0, 0.12], [6512684.0, 0.001], [6512732.0, 0.1], [6512800.0, 0.000252], [6512916.0, 0.001], [6512925.0, 0.12], [6512960.0, 0.0152], [6513264.0, 0.002], [6513330.0, 0.12], [6513474.0, 0.00922155], [6513587.0, 0.0092062], [6513590.0, 0.0091941], [6513593.0, 0.053], [6513665.0, 0.6], [6513725.0, 0.0001]], "bids": [[6507613.0, 0.005], [6507603.0, 0.02], [6507518.0, 0.12], [6507127.0, 0.001], [6507119.0, 0.0092062], [6507116.0, 0.12], [6507079.0, 0.0066], [6507078.0, 0.0499], [6506722.0, 0.00919493], [6506714.0, 0.12], [6506478.0, 0.001], [6506362.0, 0.049], [6506349.0, 0.002], [6506312.0, 0.01], [6506311.0, 0.12], [6506288.0, 0.0792], [6506284.0, 0.002], [6506080.0, 0.000252], [6505909.0, 0.0165], [6505908.0, 0.12], [6505852.0, 0.00922155], [6505846.0, 0.5], [6505845.0, 0.001], [6505837.0, 0.0091937], [6505828.0, 0.01239563], [6505505.0, 0.12], [6505125.0, 0.00921793], [6505001.0, 0.0001], [6504960.0, 0.000252], [6504883.0, 0.0768], [6504463.0, 0.005], [6504462.0, 0.0515], [6503840.0, 0.000252], [6503751.0, 0.0001], [6503574.0, 0.0792], [6502996.0, 0.049], [6502931.0, 0.001], [6502721.0, 0.005], [6502720.0, 0.000252], [6502501.0, 0.0001]], "timestamp": 1618027322.0018175}
{"asks": [[6510860.0, 0.001], [6511000.0, 0.7796], [6511060.0, 0.0006], [6511249.0, 0.0002], [6511277.0, 0.12], [6511679.0, 0.0319], [6511680.0, 0.120252], [6511986.0, 0.01024004], [6512115.0, 0.1856], [6512186.0, 0.0515], [6512246.0, 0.0001], [6512295.0, 0.0001], [6512338.0, 0.00989611], [6512358.0, 0.01], [6512488.0, 0.02152443], [6512499.0, 0.0003], [6512520.0, 0.12], [6512732.0, 0.1], [6512800.0, 0.000252], [6512925.0, 0.12], [6512960.0, 0.0152], [6513455.0, 0.121], [6513587.0, 0.08964613], [6513593.0, 0.053], [6513639.0, 0.001], [6513725.0, 0.0021], [6513749.0, 0.0003], [6513841.0, 0.00097855], [6513920.0, 0.000252], [6514313.0, 0.001], [6514321.0, 0.01841163], [6514326.0, 0.0092062], [6514329.0, 0.00919493], [6514336.0, 0.6], [6514337.0, 0.0808], [6514986.0, 0.0091941], [6514989.0, 0.00922155], [6514995.0, 0.15], [6514999.0, 0.0003], [6515000.0, 0.003]], "bids": [[6507603.0, 0.0027], [6507501.0, 0.0002], [6507500.0, 0.001], [6507200.0, 0.000252], [6507180.0, 0.001], [6507173.0, 0.0407], [6507172.0, 0.01941163], [6507167.0, 0.0092062], [6507164.0, 0.01239563], [6507145.0, 0.00919493], [6507138.0, 0.5], [6507122.0, 0.002], [6507118.0, 0.01], [6507117.0, 0.12], [6506819.0, 0.002], [6506756.0, 0.001], [6506714.0, 0.12], [6506663.0, 0.05], [6506368.0, 0.00922155], [6506311.0, 0.12], [6506288.0, 0.0792], [6506251.0, 0.0002], [6506080.0, 0.000252], [6505908.0, 0.12], [6505505.0, 0.12], [6505003.0, 0.005], [6505002.0, 0.12], [6505001.0, 0.0001], [6504960.0, 0.000252], [6504883.0, 0.0768], [6504462.0, 0.0515], [6503884.0, 0.001], [6503840.0, 0.000252], [6503751.0, 0.0001], [6503574.0, 0.0792], [6502999.0, 0.005], [6502997.0, 0.05813974], [6502996.0, 0.049], [6502720.0, 0.000252], [6502504.0, 0.0091941]], "timestamp": 1618027327.0226154}
{"asks": [[6510995.0, 0.03], [6511000.0, 0.7036], [6511060.0, 0.0006], [6511249.0, 0.0002], [6511576.0, 0.01], [6511680.0, 0.120252], [6512114.0, 0.0396], [6512115.0, 0.1856], [6512186.0, 0.0515], [6512246.0, 0.0001], [6512295.0, 0.0001], [6512358.0, 0.01], [6512488.0, 0.02152443], [6512499.0, 0.0003], [6512520.0, 0.12], [6512556.0, 0.01024004], [6512688.0, 0.00989611], [6512732.0, 0.1], [6512800.0, 0.000252], [6512925.0, 0.12], [6512960.0, 0.0152], [6513220.0, 0.002], [6513455.0, 0.12], [6513587.0, 0.08964613], [6513593.0, 0.053], [6513725.0, 0.0001], [6513749.0, 0.0003], [6513841.0, 0.00097855], [6513920.0, 0.120252], [6514050.0, 0.001], [6514053.0, 0.001], [6514289.0, 0.001], [6514291.0, 0.00922155], [6514297.0, 0.01941163], [6514302.0, 0.0092062], [6514305.0, 0.00919493], [6514312.0, 0.0091941], [6514336.0, 0.6], [6514337.0, 0.0808], [6514995.0, 0.15]], "bids": [[6508751.0, 0.0002], [6507615.0, 0.01], [6507614.0, 0.005], [6507604.0, 0.0027], [6507515.0, 0.5], [6507514.0, 0.055], [6507513.0, 0.01239563], [6507501.0, 0.0002], [6507500.0, 0.001], [6507239.0, 0.002], [6507225.0, 0.001], [6507217.0, 0.01941163], [6507212.0, 0.0092062], [6507209.0, 0.00919493], [6507200.0, 0.000252], [6507117.0, 0.12], [6507083.0, 0.001], [6506723.0, 0.002], [6506714.0, 0.12], [6506311.0, 0.12], [6506288.0, 0.0792], [6506251.0, 0.0002], [6506080.0, 0.000252], [6505909.0, 0.005], [6505908.0, 0.12], [6505852.0, 0.0495], [6505505.0, 0.12], [6505002.0, 0.12], [6505001.0, 0.0001], [6504960.0, 0.000252], [6504883.0, 0.0768], [6504462.0, 0.0515], [6504298.0, 0.001], [6504294.0, 0.001], [6503843.0, 0.005], [6503841.0, 0.05813974], [6503840.0, 0.000252], [6503751.0, 0.0001], [6503574.0, 0.0792], [6502996.0, 0.049]], "timestamp": 1618027332.0147197}
{"asks": [[6511000.0, 0.01165402], [6511060.0, 0.0006], [6511249.0, 0.0002], [6511515.0, 0.01], [6511680.0, 0.000252], [6512246.0, 0.0001], [6512289.0, 0.00989611], [6512295.0, 0.0001], [6512358.0, 0.01], [6512499.0, 0.0003], [6512521.0, 0.0055], [6512732.0, 0.1], [6512800.0, 0.000252], [6512925.0, 0.12], [6513407.0, 0.02152221], [6513455.0, 0.12], [6513724.0, 0.01], [6513725.0, 0.0001], [6513749.0, 0.0003], [6513841.0, 0.00097855], [6513920.0, 0.120252], [6514263.0, 0.00919493], [6514265.0, 0.001], [6514270.0, 0.0101941], [6514273.0, 0.01841163], [6514278.0, 0.0092062], [6514336.0, 0.72], [6514337.0, 0.0808], [6514448.0, 0.001], [6514478.0, 0.01024004], [6514682.0, 0.002], [6514995.0, 0.27], [6514999.0, 0.0003], [6515000.0, 0.003], [6515040.0, 0.000252], [6515296.0, 0.0006], [6515927.0, 0.005], [6515928.0, 0.136], [6515967.0, 0.00922155], [6515973.0, 0.045]], "bids": [[6509417.0, 0.003], [6509241.0, 0.5], [6509132.0, 0.12], [6508860.0, 0.0032], [6508751.0, 0.0002], [6508730.0, 0.0341], [6508729.0, 0.12], [6508725.0, 0.002], [6508333.0, 0.00919493], [6508326.0, 0.12], [6508325.0, 0.002], [6507960.0, 0.001], [6507929.0, 0.00922155], [6507923.0, 0.12], [6507754.0, 0.001], [6507749.0, 0.001], [6507746.0, 0.01841163], [6507741.0, 0.0092062], [6507737.0, 0.0768], [6507515.0, 0.12], [6507501.0, 0.0002], [6507500.0, 0.001], [6507413.0, 0.0515], [6507200.0, 0.000252], [6507117.0, 0.01239563], [6506447.0, 0.121], [6506288.0, 0.0792], [6506251.0, 0.0002], [6506080.0, 0.000252], [6505852.0, 0.0495], [6505003.0, 0.05813974], [6505001.0, 0.0001], [6504960.0, 0.000252], [6504883.0, 0.0768], [6504692.0, 0.001], [6504462.0, 0.0515], [6503840.0, 0.000252], [6503751.0, 0.0001], [6503577.0, 0.0091941], [6503574.0, 0.0792]], "timestamp": 1618027337.0030549}
{"asks": [[6513124.0, 0.12], [6513421.0, 0.049], [6513528.0, 0.12], [6513932.0, 0.12], [6514072.0, 0.0816], [6514320.0, 0.0091941], [6514323.0, 0.01702178], [6514324.0, 0.0007], [6514336.0, 0.72], [6514420.0, 0.049], [6514722.0, 0.01], [6514723.0, 0.0231], [6514724.0, 0.1], [6514995.0, 0.27], [6514999.0, 0.0003], [6515000.0, 0.003], [6515040.0, 0.000252], [6515056.0, 0.0824], [6515296.0, 0.0006], [6515621.0, 0.00249132], [6515928.0, 0.136], [6515929.0, 0.01024004], [6515973.0, 0.045], [6516121.0, 0.02151896], [6516160.0, 0.000252], [6516249.0, 0.0003], [6516366.0, 0.0648], [6516421.0, 0.001], [6516529.0, 0.005], [6516530.0, 0.02], [6516667.0, 0.0005], [6516907.0, 0.08964613], [6517280.0, 0.000252], [6517499.0, 0.0003], [6517767.0, 0.02], [6517893.0, 0.001], [6517896.0, 0.0091937], [6517901.0, 0.0102062], [6517904.0, 0.00919493], [6517911.0, 0.00922155]], "bids": [[6511070.0, 0.5], [6511011.0, 0.0066], [6511010.0, 0.020004], [6510560.0, 0.000252], [6510446.0, 0.01488695], [6510408.0, 0.01], [6510407.0, 0.002], [6509784.0, 0.001], [6509559.0, 0.001], [6509556.0, 0.01841163], [6509551.0, 0.0092062], [6509548.0, 0.00919493], [6509541.0, 0.00922155], [6509536.0, 0.0088], [6509535.0, 0.12], [6509440.0, 0.000252], [6509432.0, 0.001], [6509418.0, 0.049], [6509132.0, 0.12], [6509110.0, 0.08], [6508994.0, 0.002], [6508751.0, 0.0002], [6508729.0, 0.12], [6508601.0, 0.0816], [6508463.0, 0.051], [6508326.0, 0.12], [6508320.0, 0.000252], [6507737.0, 0.1968], [6507501.0, 0.0002], [6507500.0, 0.001], [6507200.0, 0.120252], [6506288.0, 0.0792], [6506251.0, 0.0002], [6506081.0, 0.05813974], [6506080.0, 0.000252], [6505534.0, 0.047], [6505201.0, 0.001], [6505001.0, 0.0001], [6504960.0, 0.000252], [6504883.0, 0.0768]], "timestamp": 1618027342.0038059}
{"asks": [[6514073.0, 0.01702379], [6514074.0, 0.03], [6514079.0, 0.001], [6514330.0, 0.01702178], [6514336.0, 0.595], [6514716.0, 0.12], [6514724.0, 0.1], [6514916.0, 0.00249132], [6514995.0, 0.15], [6514999.0, 0.0003], [6515000.0, 0.0031], [6515040.0, 0.000252], [6515120.0, 0.12], [6515296.0, 0.0006], [6515495.0, 0.0007], [6515524.0, 0.12], [6515927.0, 0.033], [6515928.0, 0.016], [6516160.0, 0.000252], [6516249.0, 0.0003], [6516366.0, 0.1848], [6516421.0, 0.001], [6516530.0, 0.02], [6516608.0, 0.01], [6516667.0, 0.0005], [6516906.0, 0.003], [6516907.0, 0.20964613], [6517280.0, 0.000252], [6517293.0, 0.02151795], [6517498.0, 0.12], [6517499.0, 0.0003], [6517740.0, 0.01024004], [6517767.0, 0.02], [6517857.0, 0.0505], [6517867.0, 0.001], [6517872.0, 0.001], [6517875.0, 0.01841163], [6517880.0, 0.0092062], [6517883.0, 0.00919493], [6517887.0, 0.0091941]], "bids": [[6511141.0, 0.003], [6511010.0, 0.020004], [6510829.0, 0.001], [6510745.0, 0.12], [6510560.0, 0.000252], [6510452.0, 0.0768], [6510408.0, 0.01], [6510342.0, 0.12], [6510001.0, 0.0002], [6509970.0, 0.001], [6509962.0, 0.00921793], [6509957.0, 0.001], [6509954.0, 0.0091937], [6509949.0, 0.0092062], [6509946.0, 0.00919493], [6509942.0, 0.0091941], [6509939.0, 0.12], [6509739.0, 0.01488695], [6509565.0, 0.00922155], [6509536.0, 0.1288], [6509440.0, 0.000252], [6509132.0, 0.12], [6509110.0, 0.08], [6508751.0, 0.0002], [6508320.0, 0.120252], [6507863.0, 0.001], [6507850.0, 0.001], [6507737.0, 0.0768], [6507501.0, 0.0002], [6507500.0, 0.001], [6507200.0, 0.000252], [6506288.0, 0.0792], [6506251.0, 0.0002], [6506080.0, 0.000252], [6505591.0, 0.001], [6505534.0, 0.047], [6505001.0, 0.0001], [6504960.0, 0.000252], [6504927.0, 0.001], [6504806.0, 0.00097821]], "timestamp": 1618027347.0278816}
{"asks": [[6514724.0, 0.01492068], [6514754.0, 0.12], [6514995.0, 0.15], [6514999.0, 0.0003], [6515000.0, 0.0031], [6515040.0, 0.000252], [6515132.0, 0.00249132], [6515157.0, 0.12], [6515296.0, 0.0006], [6515559.0, 0.6], [6515560.0, 0.12], [6515928.0, 0.016], [6515963.0, 0.12], [6516160.0, 0.000252], [6516249.0, 0.0003], [6516365.0, 0.0308], [6516366.0, 0.12], [6516421.0, 0.001], [6516529.0, 0.01], [6516530.0, 0.02], [6516560.0, 0.049], [6516667.0, 0.0005], [6516758.0, 0.0811], [6516907.0, 0.20964613], [6517230.0, 0.0808], [6517280.0, 0.000252], [6517494.0, 0.0215171], [6517496.0, 0.01024004], [6517499.0, 0.0003], [6517542.0, 0.002], [6517766.0, 0.003], [6517767.0, 0.02], [6517998.0, 0.001], [6518006.0, 0.001], [6518011.0, 0.0092062], [6518021.0, 0.05], [6518395.0, 0.01841163], [6518400.0, 0.000252], [6518554.0, 0.00922155], [6518560.0, 0.0944]], "bids": [[6512397.0, 0.003], [6511662.0, 0.00622155], [6511656.0, 0.066], [6511491.0, 0.001], [6511483.0, 0.00919493], [6511479.0, 0.0091941], [6511469.0, 0.5], [6511148.0, 0.12], [6511010.0, 0.020004], [6510753.0, 0.001], [6510750.0, 0.01841163], [6510745.0, 0.12], [6510701.0, 0.0812], [6510676.0, 0.048], [6510560.0, 0.000252], [6510452.0, 0.0768], [6510408.0, 0.01], [6510402.0, 0.001], [6510342.0, 0.12], [6510001.0, 0.0002], [6509952.0, 0.01488695], [6509939.0, 0.12], [6509536.0, 0.12], [6509474.0, 0.001], [6509440.0, 0.000252], [6509247.0, 0.0505], [6509110.0, 0.2], [6508751.0, 0.0002], [6508320.0, 0.000252], [6507740.0, 0.0092062], [6507737.0, 0.0768], [6507502.0, 0.05813974], [6507501.0, 0.0002], [6507500.0, 0.001], [6507200.0, 0.000252], [6506634.0, 0.001], [6506288.0, 0.0792], [6506280.0, 0.001], [6506251.0, 0.0002], [6506080.0, 0.000252]], "timestamp": 1618027352.0407999}
{"asks": [[6514995.0, 0.149], [6514999.0, 0.0003], [6515000.0, 0.0031], [6515040.0, 0.000252], [6515157.0, 0.12], [6515296.0, 0.0006], [6515559.0, 0.6], [6515560.0, 0.12], [6515648.0, 0.00249132], [6515928.0, 0.016], [6515963.0, 0.12], [6516013.0, 0.005], [6516160.0, 0.000252], [6516249.0, 0.0003], [6516366.0, 0.12], [6516421.0, 0.001], [6516530.0, 0.02], [6516667.0, 0.0005], [6516906.0, 0.0308], [6516907.0, 0.12], [6517230.0, 0.0808], [6517280.0, 0.000252], [6517496.0, 0.12], [6517499.0, 0.0003], [6517767.0, 0.02], [6517989.0, 0.0505], [6518399.0, 0.01], [6518400.0, 0.000252], [6518533.0, 0.00921793], [6518538.0, 0.0101937], [6518560.0, 0.0944], [6518680.0, 0.0021], [6518749.0, 0.0003], [6518870.0, 0.0091941], [6518873.0, 0.00919493], [6518878.0, 0.001], [6518880.0, 0.00922155], [6518886.0, 0.28964613], [6519049.0, 0.005], [6519148.0, 0.002]], "bids": [[6512501.0, 0.0003], [6512197.0, 0.00621688], [6512194.0, 0.00919493], [6512187.0, 0.00922155], [6512181.0, 0.066], [6512180.0, 0.42127901], [6512092.0, 0.001], [6511552.0, 0.0143], [6511551.0, 0.12], [6511251.0, 0.0003], [6511148.0, 0.12], [6511010.0, 0.020004], [6510876.0, 0.049], [6510745.0, 0.12], [6510667.0, 0.001], [6510560.0, 0.000252], [6510467.0, 0.01488695], [6510452.0, 0.0768], [6510408.0, 0.01], [6510342.0, 0.12], [6510001.0, 0.0002], [6509939.0, 0.12], [6509537.0, 0.05813974], [6509440.0, 0.120252], [6509247.0, 0.0505], [6509110.0, 0.08], [6508751.0, 0.0002], [6508320.0, 0.000252], [6507737.0, 0.0768], [6507501.0, 0.0002], [6507500.0, 0.001], [6507200.0, 0.000252], [6507055.0, 0.001], [6506712.0, 0.001], [6506251.0, 0.0002], [6506080.0, 0.000252], [6505542.0, 0.00921793], [6505534.0, 0.047], [6505530.0, 0.006], [6505371.0, 0.2853]], "timestamp": 1618027357.1840963}
{"asks": [[6515296.0, 0.0006], [6515560.0, 0.12], [6515677.0, 0.00249132], [6515928.0, 0.016], [6515963.0, 0.12], [6516025.0, 0.005], [6516160.0, 0.000252], [6516249.0, 0.0003], [6516366.0, 0.12], [6516421.0, 0.001], [6516530.0, 0.02], [6516667.0, 0.0005], [6516906.0, 0.022], [6516907.0, 0.12], [6517120.0, 0.0814], [6517230.0, 0.0808], [6517280.0, 0.000252], [6517496.0, 0.12], [6517499.0, 0.0003], [6517767.0, 0.02], [6517987.0, 0.12], [6517989.0, 0.0505], [6518400.0, 0.000252], [6518559.0, 0.01], [6518560.0, 0.0944], [6518680.0, 0.0021], [6518737.0, 0.002], [6518749.0, 0.0003], [6518823.0, 0.001], [6518826.0, 0.0091937], [6518828.0, 0.0092062], [6518831.0, 0.0091941], [6518834.0, 0.00919493], [6518841.0, 0.00922155], [6518886.0, 0.28964613], [6519017.0, 0.02151627], [6519049.0, 0.005], [6519341.0, 0.055], [6519520.0, 0.000252], [6519637.0, 0.0001]], "bids": [[6513097.0, 0.01], [6512651.0, 0.001], [6512648.0, 0.00921793], [6512646.0, 0.001], [6512643.0, 0.0091937], [6512641.0, 0.0092062], [6512638.0, 0.00919493], [6512636.0, 0.03], [6512632.0, 0.0066], [6512631.0, 0.5], [6512402.0, 0.0505], [6511967.0, 0.0824], [6511954.0, 0.12], [6511872.0, 0.001], [6511552.0, 0.0143], [6511551.0, 0.12], [6511251.0, 0.0003], [6511153.0, 0.0814], [6511148.0, 0.12], [6511010.0, 0.020004], [6510876.0, 0.049], [6510745.0, 0.12], [6510560.0, 0.000252], [6510496.0, 0.01488695], [6510470.0, 0.001], [6510452.0, 0.0768], [6510408.0, 0.01], [6510342.0, 0.12], [6510001.0, 0.0002], [6509940.0, 0.05813974], [6509939.0, 0.12], [6509440.0, 0.000252], [6509247.0, 0.0505], [6509110.0, 0.08], [6508751.0, 0.0002], [6508320.0, 0.000252], [6507737.0, 0.0768], [6507501.0, 0.0002], [6507500.0, 0.001], [6507248.0, 0.002]], "timestamp": 1618027362.1279504}
{"asks": [[6510608.0, 0.003], [6510609.0, 0.03], [6510798.0, 0.001], [6511211.0, 0.08], [6511739.0, 0.0065], [6511793.0, 0.12], [6512197.0, 0.12], [6512601.0, 0.12], [6513005.0, 0.12], [6513096.0, 0.01], [6513097.0, 0.5], [6513404.0, 0.022], [6513405.0, 0.05], [6513409.0, 0.12], [6513483.0, 0.80875384], [6513667.0, 0.0792], [6513709.0, 0.01024004], [6513812.0, 0.005], [6514077.0, 0.122], [6514202.0, 0.02152232], [6515040.0, 0.000252], [6515118.0, 0.05], [6515304.0, 0.005], [6515428.0, 0.005], [6516352.0, 0.001], [6516355.0, 0.0091937], [6516672.0, 0.048], [6517280.0, 0.000252], [6517499.0, 0.0003], [6517767.0, 0.02], [6518400.0, 0.000252], [6518680.0, 0.0021], [6518749.0, 0.0003], [6518878.0, 0.001], [6518881.0, 0.00921793], [6518886.0, 0.28964613], [6518972.0, 0.001], [6519049.0, 0.005], [6519520.0, 0.000252], [6519637.0, 0.0001]], "bids": [[6510600.0, 0.007], [6509442.0, 0.0385], [6509441.0, 0.0149], [6507512.0, 0.12], [6507501.0, 0.0002], [6507500.0, 0.001], [6507200.0, 0.000252], [6506346.0, 0.121], [6506260.0, 0.0091941], [6506257.0, 0.00922155], [6506251.0, 0.0002], [6506080.0, 0.000252], [6505941.0, 0.12], [6505534.0, 0.12], [6505530.0, 0.006], [6505331.0, 0.049], [6505083.0, 0.01], [6505001.0, 0.1201], [6504960.0, 0.000252], [6504878.0, 0.0784], [6503999.0, 0.0485], [6503840.0, 0.120252], [6503751.0, 0.0001], [6502720.0, 0.000252], [6502501.0, 0.0001], [6502313.0, 0.002], [6502159.0, 0.0025], [6501951.0, 0.0816], [6501600.0, 0.000252], [6501590.0, 0.001], [6501587.0, 0.01543164], [6501585.0, 0.0092062], [6501459.0, 0.0495], [6501266.0, 0.001], [6501263.0, 0.00921793], [6501258.0, 0.07173087], [6501251.0, 0.0001], [6501096.0, 0.00098622], [6500634.0, 0.001], [6500480.0, 0.003252]], "timestamp": 1618027367.0526001}
{"asks": [[6505457.0, 0.03], [6508120.0, 0.0032], [6508452.0, 0.01701714], [6508457.0, 0.76875384], [6508458.0, 0.001], [6508561.0, 0.12], [6508766.0, 0.03], [6508770.0, 0.01], [6508771.0, 0.05287181], [6508783.0, 0.009], [6508964.0, 0.0264], [6508965.0, 0.12], [6509065.0, 0.005], [6509346.0, 0.01024004], [6509369.0, 0.12], [6509393.0, 0.01125], [6509440.0, 0.0397], [6509481.0, 0.048], [6509667.0, 0.02152707], [6509773.0, 0.12], [6509834.0, 0.0816], [6510083.0, 0.0066], [6510177.0, 0.12], [6510192.0, 0.0033], [6510309.0, 0.002], [6510581.0, 0.12], [6510984.0, 0.005], [6511004.0, 0.049], [6511211.0, 0.08], [6511680.0, 0.000252], [6511967.0, 0.005], [6512323.0, 0.0515], [6512800.0, 0.000252], [6513089.0, 0.001], [6513218.0, 0.001], [6513405.0, 0.05], [6513667.0, 0.0792], [6513920.0, 0.000252], [6514022.0, 0.001], [6515040.0, 0.000252]], "bids": [[6505002.0, 0.0583], [6505001.0, 0.1201], [6504960.0, 0.000252], [6504200.0, 0.01125], [6503840.0, 0.120252], [6503751.0, 0.0001], [6502836.0, 0.00922097], [6502829.0, 0.00922155], [6502823.0, 0.05473794], [6502721.0, 0.5], [6502720.0, 0.120252], [6502501.0, 0.0001], [6502313.0, 0.12], [6501951.0, 0.0816], [6501600.0, 0.120252], [6501459.0, 0.0495], [6501251.0, 0.0001], [6500637.0, 0.12], [6500513.0, 0.006], [6500480.0, 0.000252], [6500238.0, 0.01], [6500001.0, 0.0001], [6499373.0, 0.001], [6499365.0, 0.0091937], [6499363.0, 0.0092062], [6499360.0, 0.000252], [6498751.0, 0.0001], [6498654.0, 0.00921793], [6498649.0, 0.001], [6498641.0, 0.002], [6498240.0, 0.000252], [6498171.0, 0.00099237], [6497502.0, 0.0009], [6497501.0, 0.0001], [6497308.0, 0.001], [6497286.0, 0.02], [6497120.0, 0.000252], [6496251.0, 0.0001], [6496000.0, 0.000252], [6495863.0, 0.001]], "timestamp": 1618027372.0155985}
{"asks": [[6507200.0, 0.000252], [6508041.0, 0.03403892], [6508120.0, 0.0032], [6508171.0, 0.01476562], [6508320.0, 0.000252], [6508561.0, 0.12], [6509052.0, 0.12], [6509440.0, 0.039952], [6509481.0, 0.12], [6509591.0, 0.0515], [6509834.0, 0.0816], [6510543.0, 0.01024004], [6510560.0, 0.120252], [6510708.0, 0.02152898], [6510986.0, 0.121], [6511004.0, 0.049], [6511211.0, 0.08], [6511231.0, 0.0466], [6511680.0, 0.120252], [6511967.0, 0.005], [6512029.0, 0.0776], [6512323.0, 0.0515], [6512345.0, 0.001], [6512800.0, 0.000252], [6513078.0, 0.001], [6513081.0, 0.001], [6513086.0, 0.0092062], [6513910.0, 0.00922097], [6513911.0, 0.00922155], [6513920.0, 0.000252], [6514261.0, 0.0091941], [6514623.0, 0.00921793], [6515040.0, 0.000252], [6515081.0, 0.001], [6515405.0, 0.04892475], [6515503.0, 0.05728001], [6515968.0, 0.33641632], [6516130.0, 0.4981716], [6516160.0, 0.000252], [6516220.0, 0.8319]], "bids": [[6505998.0, 0.0466], [6505429.0, 0.0776], [6504735.0, 0.12], [6504332.0, 0.12], [6503929.0, 0.12], [6503765.0, 0.14244616], [6503764.0, 0.08], [6503526.0, 0.12], [6503500.0, 0.0495], [6503129.0, 0.01702379], [6503123.0, 0.12], [6502720.0, 0.120252], [6502555.0, 0.005], [6502501.0, 0.0001], [6502069.0, 0.0768], [6502012.0, 0.049], [6501759.0, 0.00351562], [6501600.0, 0.000252], [6501251.0, 0.0001], [6501236.0, 0.001], [6500638.0, 0.005], [6500636.0, 0.0784], [6500480.0, 0.000252], [6500238.0, 0.01], [6500001.0, 0.0001], [6499360.0, 0.000252], [6499333.0, 0.0768], [6498751.0, 0.0001], [6498240.0, 0.000252], [6498116.0, 0.006], [6497894.0, 0.0091937], [6497889.0, 0.0091941], [6497886.0, 0.5], [6497885.0, 0.051], [6497610.0, 0.001], [6497501.0, 0.0001], [6497120.0, 0.000252], [6497116.0, 0.001], [6496251.0, 0.0001], [6496000.0, 0.000252]], "timestamp": 1618027377.044309}
{"asks": [[6511249.0, 0.0002], [6511680.0, 0.10224969], [6511967.0, 0.005], [6512323.0, 0.12], [6512343.0, 0.002], [6512499.0, 0.0003], [6512522.0, 0.0808], [6512800.0, 0.120252], [6513749.0, 0.1203], [6513920.0, 0.000252], [6514067.0, 0.0215245], [6514285.0, 0.2024], [6514303.0, 0.01024004], [6514999.0, 0.1203], [6515040.0, 0.000252], [6515405.0, 0.001], [6515462.0, 0.0474], [6515548.0, 0.047], [6515706.0, 0.079], [6515949.0, 0.0091941], [6515953.0, 0.00922097], [6515968.0, 0.08964613], [6516160.0, 0.000252], [6516214.0, 0.00922155], [6516249.0, 0.0003], [6517280.0, 0.000252], [6517499.0, 0.0003], [6517767.0, 0.02], [6518126.0, 0.001], [6518131.0, 0.001], [6518134.0, 0.0091937], [6518136.0, 0.0092062], [6518141.0, 0.0655], [6518400.0, 0.000252], [6518403.0, 0.001], [6518500.0, 0.0014], [6518680.0, 0.0021], [6518749.0, 0.0003], [6518886.0, 0.2], [6518924.0, 0.04892475]], "bids": [[6509219.0, 0.0474], [6509218.0, 0.079], [6507885.0, 0.13244616], [6507884.0, 0.0335], [6507559.0, 0.12], [6507155.0, 0.12], [6506871.0, 0.00921793], [6506866.0, 0.01], [6506796.0, 0.0145], [6506751.0, 0.12], [6506488.0, 0.01702178], [6506482.0, 0.03645], [6506347.0, 0.12], [6505944.0, 0.12], [6505542.0, 0.005], [6505541.0, 0.12], [6505174.0, 0.0816], [6505099.0, 0.00395675], [6505000.0, 0.002], [6504960.0, 0.000252], [6504872.0, 0.049], [6504790.0, 0.001], [6503841.0, 0.005], [6503840.0, 0.000252], [6503764.0, 0.08], [6503551.0, 0.5], [6503550.0, 0.049], [6503381.0, 0.002], [6502720.0, 0.000252], [6502527.0, 0.01], [6502501.0, 0.0001], [6502069.0, 0.0768], [6501600.0, 0.000252], [6501251.0, 0.0001], [6500480.0, 0.000252], [6500465.0, 0.00435571], [6500001.0, 0.0001], [6499523.0, 0.006], [6499360.0, 0.000252], [6499056.0, 0.001]], "timestamp": 1618027382.035}
{"asks": [[6510348.0, 0.02652151], [6513399.0, 0.0368], [6513494.0, 0.0286], [6513495.0, 0.04412379], [6513727.0, 0.01701714], [6513784.0, 0.12], [6513885.0, 0.0033], [6513912.0, 0.05317181], [6513920.0, 0.000252], [6513932.0, 0.0495], [6514159.0, 0.01024004], [6514189.0, 0.12], [6514278.0, 0.01702178], [6514413.0, 0.02151896], [6514594.0, 0.12], [6514903.0, 0.0784], [6514999.0, 0.1203], [6515040.0, 0.000252], [6515308.0, 0.049], [6515405.0, 0.12], [6515949.0, 0.12], [6516160.0, 0.000252], [6516249.0, 0.0003], [6516276.0, 0.002], [6517169.0, 0.0744], [6517280.0, 0.000252], [6517499.0, 0.0003], [6517502.0, 0.05728001], [6517767.0, 0.02], [6517918.0, 0.0515], [6517937.0, 0.001], [6518400.0, 0.000252], [6518500.0, 0.0014], [6518680.0, 0.0021], [6518749.0, 0.0003], [6518870.0, 0.0091941], [6518873.0, 0.00922155], [6518886.0, 0.2], [6519049.0, 0.005], [6519520.0, 0.000252]], "bids": [[6509960.0, 0.5], [6509919.0, 0.015], [6509768.0, 0.002], [6509585.0, 0.0091937], [6509440.0, 0.000252], [6509207.0, 0.00922155], [6509176.0, 0.0517], [6509175.0, 0.12], [6508771.0, 0.12], [6508570.0, 0.04], [6508367.0, 0.12], [6508320.0, 0.000252], [6508178.0, 0.001], [6507885.0, 0.01], [6507884.0, 0.12], [6507200.0, 0.120252], [6506549.0, 0.12], [6506548.0, 0.0768], [6506507.0, 0.012], [6506482.0, 0.03645], [6506081.0, 0.005], [6506080.0, 0.000252], [6505174.0, 0.0816], [6505120.0, 0.001], [6505000.0, 0.002], [6504960.0, 0.000252], [6504872.0, 0.049], [6503841.0, 0.005], [6503840.0, 0.000252], [6503570.0, 0.00921793], [6503565.0, 0.0092062], [6503562.0, 0.002], [6503554.0, 0.0091941], [6503391.0, 0.006], [6503132.0, 0.01], [6502973.0, 0.001], [6502868.0, 0.015], [6502720.0, 0.000252], [6502501.0, 0.0001], [6501600.0, 0.000252]], "timestamp": 1618027387.010805}
{"asks": [[6513356.0, 0.01024004], [6513727.0, 0.01702178], [6513733.0, 0.03414802], [6513738.0, 0.001], [6513739.0, 0.01801714], [6513745.0, 0.01702379], [6513920.0, 0.000252], [6514000.0, 0.2], [6514584.0, 0.001], [6514594.0, 0.12], [6514912.0, 0.02151879], [6514973.0, 0.079], [6514999.0, 0.1203], [6515000.0, 0.0001], [6515040.0, 0.000252], [6515308.0, 0.049], [6515405.0, 0.12], [6515676.0, 0.0789], [6515922.0, 0.1184], [6515949.0, 0.12], [6516106.0, 0.04892475], [6516160.0, 0.000252], [6516249.0, 0.0003], [6517169.0, 0.1944], [6517280.0, 0.000252], [6517409.0, 0.002], [6517499.0, 0.0003], [6517767.0, 0.14], [6517918.0, 0.0515], [6518400.0, 0.000252], [6518500.0, 0.0014], [6518677.0, 0.0091941], [6518680.0, 0.0021], [6518749.0, 0.0003], [6518836.0, 0.00922155], [6518842.0, 0.00922097], [6518849.0, 0.01021793], [6518854.0, 0.0092062], [6518886.0, 0.2], [6519029.0, 0.088]], "bids": [[6510250.0, 0.01], [6509989.0, 0.005252], [6509579.0, 0.12], [6509440.0, 0.000252], [6509335.0, 0.015], [6509175.0, 0.12], [6509004.0, 0.0789], [6508900.0, 0.003], [6508771.0, 0.12], [6508570.0, 0.04], [6508367.0, 0.12], [6508321.0, 0.01], [6508320.0, 0.000252], [6508274.0, 0.002], [6508024.0, 0.0816], [6507884.0, 0.12], [6507212.0, 0.12], [6507211.0, 0.001], [6507200.0, 0.000252], [6506549.0, 0.005], [6506548.0, 0.0768], [6506507.0, 0.012], [6506482.0, 0.03645], [6506080.0, 0.000252], [6505174.0, 0.0816], [6505062.0, 0.01], [6505000.0, 0.002], [6504960.0, 0.000252], [6504872.0, 0.049], [6504624.0, 0.005], [6504623.0, 0.006], [6503840.0, 0.000252], [6503228.0, 0.001], [6502881.0, 0.002], [6502873.0, 0.0091937], [6502868.0, 0.015], [6502720.0, 0.000252], [6502525.0, 0.0091941], [6502522.0, 0.00922155], [6502516.0, 0.00922097]], "timestamp": 1618027392.0358806}
{"asks": [[6512313.0, 0.00201714], [6512319.0, 0.01702379], [6513378.0, 0.0011], [6513379.0, 0.12], [6513784.0, 0.12], [6513831.0, 0.0816], [6513920.0, 0.000252], [6514000.0, 0.2], [6514072.0, 0.0474], [6514189.0, 0.12], [6514594.0, 0.12], [6514973.0, 0.09556625], [6514999.0, 0.1203], [6515000.0, 0.0001], [6515040.0, 0.000252], [6515161.0, 0.0824], [6515308.0, 0.049], [6515405.0, 0.12], [6515676.0, 0.0789], [6515714.0, 0.05728001], [6515789.0, 0.04892475], [6515922.0, 0.1184], [6515962.0, 0.002], [6516160.0, 0.000252], [6516249.0, 0.0003], [6516418.0, 0.1579], [6517169.0, 0.0744], [6517280.0, 0.000252], [6517499.0, 0.0003], [6517767.0, 0.02], [6517918.0, 0.0515], [6518400.0, 0.000252], [6518469.0, 0.001], [6518500.0, 0.0014], [6518661.0, 0.001], [6518669.0, 0.0091937], [6518674.0, 0.0091941], [6518680.0, 0.0021], [6518712.0, 0.001], [6518720.0, 0.00922155]], "bids": [[6509446.0, 0.03], [6509440.0, 0.000252], [6509348.0, 0.0091937], [6509343.0, 0.00922155], [6509342.0, 0.0352], [6509336.0, 0.5], [6509328.0, 0.0474], [6509309.0, 0.01075996], [6509175.0, 0.12], [6509004.0, 0.0789], [6508900.0, 0.003], [6508776.0, 0.02150113], [6508771.0, 0.12], [6508570.0, 0.04], [6508367.0, 0.12], [6508320.0, 0.000252], [6508239.0, 0.079], [6507957.0, 0.01], [6507956.0, 0.0495], [6507884.0, 0.12], [6507851.0, 0.08], [6507212.0, 0.12], [6507200.0, 0.000252], [6507003.0, 0.002], [6506584.0, 0.015], [6506548.0, 0.1968], [6506507.0, 0.012], [6506482.0, 0.03645], [6506204.0, 0.005], [6506203.0, 0.001], [6506080.0, 0.000252], [6505174.0, 0.0816], [6505000.0, 0.002], [6504960.0, 0.000252], [6504872.0, 0.049], [6503915.0, 0.005], [6503914.0, 0.01], [6503840.0, 0.000252], [6503099.0, 0.002], [6503091.0, 0.001]], "timestamp": 1618027397.0195594}
{"asks": [[6512988.0, 0.01709935], [6512994.0, 0.01702379], [6513000.0, 0.2], [6513368.0, 0.0091937], [6513783.0, 0.0583], [6513784.0, 0.12], [6513920.0, 0.000252], [6514000.0, 0.2], [6514115.0, 0.0472], [6514189.0, 0.12], [6514428.0, 0.0787], [6514594.0, 0.12], [6514973.0, 0.09556625], [6514999.0, 0.1203], [6515040.0, 0.000252], [6515161.0, 0.0824], [6515405.0, 0.12], [6515423.0, 0.0485], [6515714.0, 0.05728001], [6515789.0, 0.04892475], [6515922.0, 0.2384], [6516088.0, 0.002], [6516160.0, 0.000252], [6516249.0, 0.0003], [6516418.0, 0.1579], [6517169.0, 0.0744], [6517280.0, 0.000252], [6517499.0, 0.0003], [6517767.0, 0.02], [6517918.0, 0.0515], [6518400.0, 0.000252], [6518500.0, 0.0014], [6518632.0, 0.00921793], [6518637.0, 0.002], [6518642.0, 0.0092062], [6518645.0, 0.0091941], [6518648.0, 0.00922155], [6518654.0, 0.00922097], [6518680.0, 0.0021], [6518749.0, 0.0003]], "bids": [[6509856.0, 0.03], [6509850.0, 0.002], [6509683.0, 0.00921793], [6509678.0, 0.0495], [6509649.0, 0.001], [6509641.0, 0.0091937], [6509636.0, 0.0091941], [6509633.0, 0.00922155], [6509627.0, 0.00922097], [6509618.0, 0.0088], [6509579.0, 0.12], [6509440.0, 0.000252], [6509329.0, 0.01075996], [6509326.0, 0.0472], [6509265.0, 0.0816], [6509175.0, 0.12], [6508999.0, 0.01], [6508900.0, 0.003], [6508774.0, 0.0092062], [6508771.0, 0.12], [6508644.0, 0.015], [6508570.0, 0.04], [6508475.0, 0.0215015], [6508367.0, 0.12], [6508320.0, 0.000252], [6508239.0, 0.079], [6507956.0, 0.0495], [6507884.0, 0.12], [6507851.0, 0.08], [6507556.0, 0.002], [6507254.0, 0.005], [6507253.0, 0.1184], [6507212.0, 0.12], [6507200.0, 0.000252], [6506601.0, 0.1579], [6506548.0, 0.0768], [6506507.0, 0.012], [6506482.0, 0.03645], [6506251.0, 0.0002], [6506080.0, 0.000252]], "timestamp": 1618027402.008229}
{"asks": [[6509881.0, 0.005], [6512124.0, 0.01702379], [6512130.0, 0.0784], [6512168.0, 0.12], [6512459.0, 0.0022], [6512460.0, 0.0495], [6512572.0, 0.12], [6512968.0, 0.00922097], [6512976.0, 0.18926451], [6513000.0, 0.2], [6513380.0, 0.12], [6513534.0, 0.048], [6513725.0, 0.001], [6513728.0, 0.00921793], [6513734.0, 0.0816], [6513784.0, 0.12], [6513920.0, 0.000252], [6513972.0, 0.049], [6514000.0, 0.2], [6514189.0, 0.12], [6514428.0, 0.0787], [6514922.0, 0.05728001], [6514973.0, 0.09556625], [6514999.0, 0.0003], [6515040.0, 0.000252], [6515059.0, 0.04892475], [6515161.0, 0.0824], [6515423.0, 0.0485], [6515922.0, 0.1184], [6516160.0, 0.000252], [6516249.0, 0.0003], [6516335.0, 0.002], [6516418.0, 0.1579], [6517169.0, 0.0744], [6517222.0, 0.001], [6517280.0, 0.000252], [6517499.0, 0.0003], [6517767.0, 0.02], [6517912.0, 0.00922155], [6517918.0, 0.0515]], "bids": [[6509181.0, 0.00066363], [6509176.0, 0.5], [6508772.0, 0.0088], [6508771.0, 0.12], [6508761.0, 0.0787], [6508751.0, 0.0002], [6508570.0, 0.04], [6508367.0, 0.12], [6508320.0, 0.000252], [6508302.0, 0.002], [6508239.0, 0.079], [6508095.0, 0.01075996], [6508060.0, 0.02150333], [6508019.0, 0.015], [6507884.0, 0.12], [6507502.0, 0.01], [6507501.0, 0.0002], [6507253.0, 0.1184], [6507212.0, 0.12], [6507200.0, 0.000252], [6506602.0, 0.12], [6506601.0, 0.1579], [6506548.0, 0.0768], [6506482.0, 0.03645], [6506251.0, 0.0002], [6506180.0, 0.0115], [6506080.0, 0.120252], [6505184.0, 0.005], [6505183.0, 0.002], [6505174.0, 0.0816], [6505001.0, 0.0001], [6505000.0, 0.002], [6504960.0, 0.000252], [6504872.0, 0.049], [6504482.0, 0.0091941], [6504199.0, 0.00922097], [6504192.0, 0.01], [6503841.0, 0.005], [6503840.0, 0.000252], [6503751.0, 0.0001]], "timestamp": 1618027407.022301}
{"asks": [[6509881.0, 0.005], [6511684.0, 0.0872883], [6511690.0, 0.00921793], [6511764.0, 0.12], [6511999.0, 0.0033], [6512000.0, 0.2], [6512093.0, 0.001], [6512130.0, 0.0784], [6512168.0, 0.12], [6512572.0, 0.12], [6512617.0, 0.048], [6512674.0, 0.01], [6512800.0, 0.000252], [6512976.0, 0.12], [6513000.0, 0.2], [6513360.0, 0.002], [6513380.0, 0.12], [6513734.0, 0.0816], [6513784.0, 0.12], [6513852.0, 0.05728001], [6513910.0, 0.04892475], [6513920.0, 0.000252], [6513972.0, 0.049], [6514000.0, 0.2], [6514999.0, 0.0003], [6515040.0, 0.000252], [6515161.0, 0.0824], [6515423.0, 0.0485], [6516160.0, 0.000252], [6516249.0, 0.0003], [6516741.0, 0.001], [6517161.0, 0.001], [6517169.0, 0.0744], [6517222.0, 0.001], [6517265.0, 0.001], [6517280.0, 0.000252], [6517499.0, 0.0003], [6517745.0, 0.0091941], [6517748.0, 0.00922155], [6517753.0, 0.003]], "bids": [[6508968.0, 0.14884616], [6508967.0, 0.001], [6508865.0, 0.01], [6508751.0, 0.0002], [6508750.0, 0.005], [6508570.0, 0.04], [6508320.0, 0.000252], [6507907.0, 0.01075996], [6507885.0, 0.0198], [6507884.0, 0.12], [6507502.0, 0.01], [6507501.0, 0.0002], [6507212.0, 0.12], [6507200.0, 0.000252], [6506880.0, 0.015], [6506837.0, 0.02150404], [6506794.0, 0.002], [6506617.0, 0.00922155], [6506610.0, 0.06072097], [6506603.0, 0.5], [6506602.0, 0.12], [6506521.0, 0.0816], [6506251.0, 0.0002], [6506080.0, 0.120252], [6505186.0, 0.005], [6505185.0, 0.12], [6505174.0, 0.0816], [6505001.0, 0.0001], [6505000.0, 0.002], [6504960.0, 0.000252], [6504872.0, 0.049], [6504201.0, 0.005], [6504200.0, 0.12], [6503840.0, 0.000252], [6503764.0, 0.001], [6503751.0, 0.0001], [6503096.0, 0.001], [6503088.0, 0.015], [6502720.0, 0.000252], [6502599.0, 0.0091941]], "timestamp": 1618027412.0489492}
{"asks": [[6514000.0, 0.149552], [6514614.0, 0.0253], [6514999.0, 0.0003], [6515040.0, 0.000252], [6515283.0, 0.082], [6515423.0, 0.12], [6516160.0, 0.120252], [6516249.0, 0.0003], [6516741.0, 0.12], [6517169.0, 0.1944], [6517222.0, 0.001], [6517226.0, 0.001], [6517244.0, 0.002], [6517280.0, 0.000252], [6517414.0, 0.048], [6517499.0, 0.0003], [6517764.0, 0.13656625], [6517767.0, 0.02], [6518400.0, 0.120252], [6518529.0, 0.002], [6518680.0, 0.0021], [6518749.0, 0.0003], [6518881.0, 0.00921793], [6518886.0, 0.2], [6519049.0, 0.005], [6519480.0, 0.00922097], [6519487.0, 0.0092062], [6519520.0, 0.000252], [6519637.0, 0.0001], [6519868.0, 0.00923402], [6519873.0, 0.00097752], [6519982.0, 0.002], [6519990.0, 0.0091941], [6519993.0, 0.00922155], [6519999.0, 0.0002], [6520000.0, 0.2161], [6520020.0, 0.0535], [6520111.0, 0.0005], [6520204.0, 0.0006], [6520260.0, 0.0001]], "bids": [[6512481.0, 0.01], [6512196.0, 0.01], [6511457.0, 0.01075996], [6511203.0, 0.03], [6511198.0, 0.0180706], [6511193.0, 0.01], [6511192.0, 0.5], [6511148.0, 0.002], [6511026.0, 0.05], [6510984.0, 0.015], [6510920.0, 0.12], [6510660.0, 0.0768], [6510560.0, 0.000252], [6510517.0, 0.0198], [6510516.0, 0.12], [6510341.0, 0.02149799], [6510112.0, 0.12], [6509709.0, 0.005], [6509708.0, 0.12], [6509565.0, 0.0505], [6509440.0, 0.000252], [6509304.0, 0.2024], [6509099.0, 0.0092062], [6508900.0, 0.003], [6508770.0, 0.122], [6508751.0, 0.0002], [6508570.0, 0.04], [6508320.0, 0.000252], [6508227.0, 0.005], [6508226.0, 0.0505], [6507833.0, 0.0816], [6507501.0, 0.0002], [6507469.0, 0.001], [6507200.0, 0.000252], [6506633.0, 0.0091941], [6506630.0, 0.00922155], [6506624.0, 0.00922097], [6506610.0, 0.0515], [6506521.0, 0.0816], [6506251.0, 0.0002]], "timestamp": 1618027417.0062845}
{"asks": [[6513994.0, 0.03411649], [6514000.0, 0.015852], [6514999.0, 0.0003], [6515000.0, 0.0001], [6515018.0, 0.066], [6515019.0, 0.12], [6515040.0, 0.000252], [6515104.0, 0.05728001], [6515193.0, 0.04892475], [6515423.0, 0.12], [6515864.0, 0.08], [6515935.0, 0.049], [6516159.0, 0.0154], [6516160.0, 0.120252], [6516249.0, 0.0003], [6516741.0, 0.12], [6517169.0, 0.21276952], [6517222.0, 0.001], [6517280.0, 0.000252], [6517414.0, 0.048], [6517499.0, 0.0003], [6517764.0, 0.12], [6517767.0, 0.02], [6517932.0, 0.002], [6518400.0, 0.000252], [6518586.0, 0.001], [6518680.0, 0.0021], [6518749.0, 0.0003], [6518886.0, 0.2], [6519049.0, 0.005], [6519520.0, 0.000252], [6519637.0, 0.0001], [6519873.0, 0.00097752], [6519946.0, 0.00922097], [6519948.0, 0.00921793], [6519953.0, 0.002], [6519958.0, 0.0092062], [6519961.0, 0.00923402], [6519966.0, 0.0091941], [6519969.0, 0.00922155]], "bids": [[6511667.0, 0.03], [6511662.0, 0.5], [6511479.0, 0.00200171], [6511478.0, 0.001], [6511346.0, 0.015], [6511323.0, 0.12], [6511037.0, 0.0066], [6510920.0, 0.12], [6510661.0, 0.01], [6510660.0, 0.0768], [6510608.0, 0.02149825], [6510560.0, 0.000252], [6510516.0, 0.12], [6510112.0, 0.12], [6510095.0, 0.01075996], [6510001.0, 0.0002], [6509985.0, 0.082], [6509708.0, 0.12], [6509440.0, 0.000252], [6509304.0, 0.2024], [6508914.0, 0.005], [6508913.0, 0.002], [6508900.0, 0.003], [6508827.0, 0.001], [6508751.0, 0.0002], [6508570.0, 0.04], [6508320.0, 0.000252], [6508226.0, 0.0505], [6507833.0, 0.0816], [6507501.0, 0.0002], [6507201.0, 0.005], [6507200.0, 0.000252], [6506662.0, 0.00922097], [6506660.0, 0.01021793], [6506655.0, 0.0092062], [6506652.0, 0.00923402], [6506647.0, 0.00922155], [6506610.0, 0.0515], [6506521.0, 0.0816], [6506251.0, 0.0002]], "timestamp": 1618027422.0259216}
{"asks": [[6514808.0, 0.01], [6515037.0, 0.002], [6515040.0, 0.000252], [6515309.0, 0.0242], [6515423.0, 0.12], [6515864.0, 0.08], [6516160.0, 0.120252], [6516249.0, 0.0003], [6516290.0, 0.02], [6516741.0, 0.12], [6517168.0, 0.005], [6517169.0, 0.21276952], [6517222.0, 0.001], [6517280.0, 0.000252], [6517499.0, 0.0003], [6517511.0, 0.04892475], [6517657.0, 0.05728001], [6517767.0, 0.14], [6518203.0, 0.051], [6518399.0, 0.12], [6518400.0, 0.000252], [6518679.0, 0.005], [6518680.0, 0.0021], [6518749.0, 0.0003], [6518886.0, 0.2], [6519049.0, 0.005], [6519520.0, 0.000252], [6519637.0, 0.0001], [6519873.0, 0.00097752], [6519917.0, 0.00922097], [6519919.0, 0.00921793], [6519924.0, 0.002], [6519929.0, 0.0092062], [6519932.0, 0.00923402], [6519999.0, 0.0002], [6520000.0, 0.2161], [6520020.0, 0.0535], [6520111.0, 0.0005], [6520204.0, 0.0006], [6520260.0, 0.0001]], "bids": [[6510983.0, 0.5], [6510919.0, 0.12], [6510907.0, 0.05119374], [6510902.0, 0.0583], [6510901.0, 0.0779], [6510560.0, 0.000252], [6510529.0, 0.001], [6510520.0, 0.03], [6510515.0, 0.12], [6510112.0, 0.12], [6510001.0, 0.0002], [6509708.0, 0.12], [6509626.0, 0.0505], [6509440.0, 0.000252], [6509304.0, 0.2024], [6509265.0, 0.002], [6509180.0, 0.002], [6509097.0, 0.001], [6508900.0, 0.123], [6508875.0, 0.01268456], [6508751.0, 0.0002], [6508570.0, 0.04], [6508320.0, 0.000252], [6508226.0, 0.0505], [6507833.0, 0.0816], [6507501.0, 0.0002], [6507200.0, 0.000252], [6506683.0, 0.002], [6506675.0, 0.00923402], [6506610.0, 0.0515], [6506521.0, 0.0816], [6506251.0, 0.0002], [6506080.0, 0.000252], [6505889.0, 0.01], [6505001.0, 0.0001], [6505000.0, 0.002], [6504960.0, 0.000252], [6504687.0, 0.001], [6504478.0, 0.006], [6504473.0, 0.002]], "timestamp": 1618027427.080539}
{"asks": [[6512499.0, 4.8e-05], [6516566.0, 0.01023402], [6516572.0, 0.01], [6516589.0, 0.0488], [6516763.0, 0.12], [6516764.0, 0.01836952], [6517162.0, 0.01], [6517163.0, 0.01702379], [6517168.0, 0.0572], [6517169.0, 0.1944], [6517222.0, 0.001], [6517241.0, 0.0813], [6517248.0, 0.02], [6517280.0, 0.000252], [6517499.0, 0.0003], [6517582.0, 0.03070325], [6517767.0, 0.14], [6518000.0, 0.00015], [6518203.0, 0.051], [6518399.0, 0.12], [6518400.0, 0.000252], [6518492.0, 0.04892475], [6518679.0, 0.005], [6518680.0, 0.0021], [6518749.0, 0.0003], [6518804.0, 0.0091941], [6518807.0, 0.05728001], [6518878.0, 0.001], [6518881.0, 0.00921793], [6518886.0, 0.32], [6519049.0, 0.005], [6519520.0, 0.120252], [6519637.0, 0.0001], [6519873.0, 0.00097752], [6519899.0, 0.00922097], [6519906.0, 0.0092062], [6519994.0, 0.00922155], [6519999.0, 0.0002], [6520000.0, 0.2161], [6520020.0, 0.0535]], "bids": [[6512273.0, 0.0387], [6512142.0, 0.0813], [6512133.0, 0.12], [6512047.0, 0.0133915], [6511933.0, 0.01], [6511755.0, 0.002], [6511727.0, 0.12], [6511680.0, 0.000252], [6511323.0, 0.12], [6511315.0, 0.01491065], [6511002.0, 0.001], [6510983.0, 0.5], [6510919.0, 0.12], [6510621.0, 0.0824], [6510560.0, 0.000252], [6510515.0, 0.12], [6510351.0, 0.001], [6510112.0, 0.12], [6510001.0, 0.0002], [6509626.0, 0.0505], [6509440.0, 0.000252], [6509304.0, 0.0824], [6508900.0, 0.003], [6508751.0, 0.0002], [6508694.0, 0.01], [6508570.0, 0.04], [6508320.0, 0.000252], [6508226.0, 0.0505], [6507833.0, 0.0816], [6507501.0, 0.0002], [6507200.0, 0.000252], [6506610.0, 0.0515], [6506458.0, 0.001], [6506314.0, 0.001], [6506256.0, 0.00921793], [6506251.0, 0.0002], [6506086.0, 0.0091941], [6506083.0, 0.0092062], [6506080.0, 0.000252], [6505006.0, 0.00923402]], "timestamp": 1618027432.0010743}
{"asks": [[6517217.0, 0.0505], [6517755.0, 0.03], [6517991.0, 0.0264], [6517992.0, 0.12], [6518000.0, 0.00015], [6518332.0, 0.0296], [6518399.0, 0.12], [6518400.0, 0.000252], [6518557.0, 0.01], [6518558.0, 0.05], [6518679.0, 0.0472], [6518680.0, 0.0021], [6518749.0, 0.0003], [6518869.0, 0.00921793], [6518874.0, 0.00922097], [6518886.0, 0.32], [6519386.0, 0.02], [6519520.0, 0.120252], [6519637.0, 0.0001], [6519677.0, 0.03069856], [6519873.0, 0.00097752], [6519986.0, 0.12], [6519999.0, 0.0002], [6520000.0, 0.2161], [6520020.0, 0.0535], [6520111.0, 0.0005], [6520204.0, 0.0006], [6520260.0, 0.0001], [6520594.0, 0.005], [6520595.0, 0.12], [6520598.0, 0.088], [6520640.0, 0.000252], [6521243.0, 0.00922155], [6521249.0, 0.0002], [6521760.0, 0.000252], [6522266.0, 0.001], [6522269.0, 0.00923402], [6522273.0, 0.005], [6522274.0, 0.00923692], [6522277.0, 0.046]], "bids": [[6513184.0, 0.15635122], [6513183.0, 0.0808], [6512947.0, 0.12], [6512800.0, 0.000252], [6512540.0, 0.12], [6512535.0, 0.00922155], [6512467.0, 0.0808], [6512133.0, 0.12], [6511727.0, 0.12], [6511680.0, 0.000252], [6511323.0, 0.12], [6510690.0, 0.121], [6510621.0, 0.0824], [6510560.0, 0.000252], [6510001.0, 0.0002], [6509626.0, 0.0505], [6509440.0, 0.000252], [6509304.0, 0.0824], [6508751.0, 0.0002], [6508570.0, 0.04], [6508504.0, 0.01], [6508320.0, 0.000252], [6508226.0, 0.0505], [6508026.0, 0.006], [6507833.0, 0.0816], [6507824.0, 0.001], [6507501.0, 0.0002], [6507200.0, 0.000252], [6507026.0, 0.001], [6506602.0, 0.001], [6506251.0, 0.0002], [6506102.0, 0.001], [6506101.0, 0.001], [6506093.0, 0.001], [6506092.0, 0.00923692], [6506080.0, 0.000252], [6505904.0, 0.0025], [6505031.0, 0.00923402], [6505026.0, 0.00921793], [6505021.0, 0.00922097]], "timestamp": 1618027437.0123036}
{"asks": [[6513421.0, 0.01], [6513645.0, 0.0017], [6513702.0, 0.005], [6513737.0, 0.0033], [6513738.0, 0.03512314], [6513739.0, 0.016], [6513920.0, 0.000252], [6513955.0, 0.01], [6514244.0, 0.08], [6514315.0, 0.12], [6514383.0, 0.049], [6514559.0, 0.02], [6514724.0, 0.12], [6515133.0, 0.12], [6515142.0, 0.03070849], [6515339.0, 0.0809], [6515541.0, 0.005], [6515542.0, 0.12], [6515629.0, 0.05728001], [6515681.0, 0.001], [6515690.0, 0.0808], [6515951.0, 0.12], [6516160.0, 0.000252], [6516359.0, 0.12], [6517009.0, 0.0336], [6517060.0, 0.0462], [6517235.0, 0.0515], [6517280.0, 0.000252], [6517405.0, 0.005], [6517406.0, 0.001], [6518000.0, 0.00015], [6518332.0, 0.0296], [6518400.0, 0.000252], [6518553.0, 0.00921793], [6518679.0, 0.0472], [6518680.0, 0.0021], [6518749.0, 0.0003], [6518879.0, 0.00922097], [6518886.0, 0.2], [6518958.0, 0.001]], "bids": [[6510732.0, 0.0486], [6509911.0, 0.0809], [6509569.0, 0.12], [6509160.0, 0.12], [6509158.0, 0.002], [6509120.0, 0.005], [6508758.0, 0.0121], [6508751.0, 0.1202], [6508718.0, 0.0792], [6508570.0, 0.04], [6508320.0, 0.000252], [6507834.0, 0.0077], [6507833.0, 0.12], [6507651.0, 0.001], [6507501.0, 0.0002], [6507200.0, 0.120252], [6507186.0, 0.01120526], [6507110.0, 0.0485], [6506946.0, 0.006], [6506251.0, 0.1202], [6506108.0, 0.00922155], [6506080.0, 0.000252], [6505907.0, 0.00923692], [6505660.0, 0.001], [6505565.0, 0.0832], [6505032.0, 0.02], [6505001.0, 0.0001], [6504960.0, 0.000252], [6504935.0, 0.0525], [6504492.0, 0.01], [6504273.0, 0.09309964], [6503840.0, 0.000252], [6503751.0, 0.0001], [6502720.0, 0.000252], [6502648.0, 0.375], [6502623.0, 0.001], [6502501.0, 0.0001], [6501600.0, 0.000252], [6501490.0, 0.001], [6501251.0, 0.0001]], "timestamp": 1618027442.0041683}
{"asks": [[6514196.0, 0.0033], [6514310.0, 0.03], [6514574.0, 0.00355474], [6514724.0, 0.12], [6515040.0, 0.000252], [6515133.0, 0.12], [6515155.0, 0.002], [6515290.0, 0.03071131], [6515542.0, 0.12], [6515951.0, 0.12], [6516160.0, 0.000252], [6516359.0, 0.12], [6516500.0, 0.02], [6517008.0, 0.12], [6517009.0, 0.0336], [6517060.0, 0.0462], [6517114.0, 0.05728001], [6517129.0, 0.04892475], [6517235.0, 0.0515], [6517280.0, 0.000252], [6517579.0, 0.001], [6518332.0, 0.0296], [6518400.0, 0.000252], [6518679.0, 0.0472], [6518680.0, 0.0021], [6518749.0, 0.0003], [6518859.0, 0.00921793], [6518864.0, 0.00922097], [6518871.0, 0.002], [6518874.0, 0.00923402], [6518886.0, 0.2], [6519494.0, 0.00922155], [6519500.0, 0.0092062], [6519520.0, 0.000252], [6519637.0, 0.0001], [6519873.0, 0.00097752], [6519996.0, 0.00923692], [6519999.0, 0.0002], [6520000.0, 0.2161], [6520111.0, 0.0005]], "bids": [[6512347.0, 0.02314805], [6510681.0, 0.01], [6510565.0, 0.0784], [6510387.0, 0.12], [6510297.0, 0.0011], [6510296.0, 0.01022069], [6509978.0, 0.12], [6509872.0, 0.005], [6509808.0, 0.048], [6509569.0, 0.12], [6509469.0, 0.002], [6509440.0, 0.000252], [6509379.0, 0.005], [6509300.0, 0.01476], [6509160.0, 0.12], [6508751.0, 0.1202], [6508718.0, 0.0792], [6508570.0, 0.04], [6508424.0, 0.0505], [6508320.0, 0.000252], [6507833.0, 0.12], [6507824.0, 0.001], [6507502.0, 0.005], [6507501.0, 0.0002], [6507200.0, 0.000252], [6507110.0, 0.0485], [6506251.0, 0.0002], [6506080.0, 0.000252], [6505565.0, 0.0832], [6505001.0, 0.0001], [6504960.0, 0.000252], [6504935.0, 0.0525], [6504336.0, 0.006], [6504279.0, 0.00922155], [6504273.0, 0.09309964], [6504175.0, 0.01], [6503840.0, 0.000252], [6503762.0, 0.00923692], [6503759.0, 0.001], [6503758.0, 0.00922097]], "timestamp": 1618027447.0038922}
{"asks": [[6515951.0, 0.12], [6516113.0, 0.002], [6516160.0, 0.000252], [6516249.0, 0.0003], [6517008.0, 0.12], [6517009.0, 0.0336], [6517060.0, 0.0462], [6517228.0, 0.02], [6517250.0, 0.03070623], [6517280.0, 0.000252], [6517579.0, 0.12], [6518332.0, 0.1496], [6518400.0, 0.000252], [6518679.0, 0.0472], [6518680.0, 0.0021], [6518743.0, 0.121], [6518749.0, 0.0003], [6518886.0, 0.2], [6518987.0, 0.05728001], [6518994.0, 0.04892475], [6519520.0, 0.000252], [6519637.0, 0.0001], [6519873.0, 0.00097752], [6519956.0, 0.122], [6519959.0, 0.00923402], [6519964.0, 0.00923692], [6519967.0, 0.00922155], [6519973.0, 0.00921793], [6519978.0, 0.0092062], [6519981.0, 0.00922097], [6519999.0, 0.0002], [6520000.0, 0.2161], [6520111.0, 0.0005], [6520115.0, 0.05], [6520204.0, 0.0006], [6520260.0, 0.0001], [6520640.0, 0.000252], [6521164.0, 0.001], [6521249.0, 0.0002], [6521439.0, 0.84317082]], "bids": [[6514836.0, 0.04], [6514747.0, 0.02543063], [6512898.0, 0.0505], [6512539.0, 0.02460245], [6512533.0, 0.01022069], [6512198.0, 0.01769326], [6511925.0, 0.01499904], [6511901.0, 0.002], [6511883.0, 0.0792], [6511681.0, 0.01], [6511680.0, 0.000252], [6511619.0, 0.00923402], [6511614.0, 0.12], [6511206.0, 0.0011], [6511205.0, 0.12], [6510796.0, 0.12], [6510576.0, 0.00922155], [6510565.0, 0.0784], [6510560.0, 0.000252], [6510387.0, 0.12], [6509981.0, 0.005], [6509979.0, 0.5], [6509978.0, 0.12], [6509808.0, 0.048], [6509569.0, 0.12], [6509440.0, 0.000252], [6508987.0, 0.001], [6508751.0, 0.0002], [6508718.0, 0.0792], [6508570.0, 0.04], [6508424.0, 0.0505], [6508320.0, 0.000252], [6507502.0, 0.005], [6507501.0, 0.0002], [6507200.0, 0.000252], [6507110.0, 0.0485], [6506251.0, 0.0002], [6506080.0, 0.000252], [6505652.0, 0.001], [6505651.0, 0.006]], "timestamp": 1618027452.00143}
{"asks": [[6515672.0, 0.01], [6516160.0, 0.000252], [6516249.0, 0.0003], [6516753.0, 0.002], [6516754.0, 0.0170706], [6516760.0, 0.0077], [6516761.0, 0.12], [6517170.0, 0.12], [6517280.0, 0.000252], [6517500.0, 0.03070219], [6517579.0, 0.12], [6517857.0, 0.02], [6518205.0, 0.00921793], [6518317.0, 0.001], [6518318.0, 0.00922097], [6518332.0, 0.1496], [6518400.0, 0.000252], [6518634.0, 0.0515], [6518679.0, 0.0472], [6518680.0, 0.0021], [6518743.0, 0.12], [6518749.0, 0.0003], [6518886.0, 0.2], [6518897.0, 0.04892475], [6518908.0, 0.05728001], [6519444.0, 0.001], [6519520.0, 0.120252], [6519599.0, 0.002], [6519637.0, 0.0001], [6519873.0, 0.00097752], [6519948.0, 0.00923402], [6519953.0, 0.00923692], [6519986.0, 0.001], [6519991.0, 0.0092062], [6519994.0, 0.00922155], [6519999.0, 0.0002], [6520000.0, 0.2161], [6520111.0, 0.0005], [6520115.0, 0.05], [6520204.0, 0.0006]], "bids": [[6513584.0, 0.0494], [6512731.0, 0.03], [6512726.0, 0.002], [6512687.0, 0.00923402], [6512682.0, 0.23], [6512654.0, 0.0823], [6512454.0, 0.01499904], [6512433.0, 0.0011], [6512432.0, 0.12], [6512026.0, 0.01], [6512023.0, 0.12], [6511883.0, 0.0792], [6511680.0, 0.000252], [6511614.0, 0.12], [6511175.0, 0.048], [6510583.0, 0.005], [6510582.0, 0.00922155], [6510576.0, 0.12], [6510565.0, 0.0784], [6510560.0, 0.000252], [6509979.0, 0.12], [6509841.0, 0.002], [6509808.0, 0.048], [6509687.0, 0.001], [6509440.0, 0.120252], [6508765.0, 0.005], [6508764.0, 0.01], [6508751.0, 0.0002], [6508718.0, 0.0792], [6508570.0, 0.04], [6508424.0, 0.0505], [6508320.0, 0.000252], [6507948.0, 0.006], [6507501.0, 0.0002], [6507200.0, 0.000252], [6507110.0, 0.0485], [6506251.0, 0.0002], [6506080.0, 0.000252], [6505908.0, 0.001], [6505901.0, 0.001]], "timestamp": 1618027457.0134103}
{"asks": [[6516015.0, 0.0023226], [6516019.0, 0.004], [6516249.0, 0.0003], [6516294.0, 0.002], [6516760.0, 0.0055], [6516761.0, 0.12], [6516846.0, 0.0344], [6516968.0, 0.02], [6517070.0, 0.005], [6517071.0, 0.03070404], [6517162.0, 0.001], [6517165.0, 0.00923402], [6517170.0, 0.12], [6517273.0, 0.048], [6517280.0, 0.000252], [6517319.0, 0.0515], [6517579.0, 0.12], [6518032.0, 0.05728001], [6518051.0, 0.0823], [6518300.0, 0.00921793], [6518305.0, 0.00922097], [6518332.0, 0.1496], [6518400.0, 0.000252], [6518634.0, 0.0515], [6518679.0, 0.0472], [6518680.0, 0.0021], [6518743.0, 0.12], [6518749.0, 0.0003], [6518885.0, 0.005], [6518886.0, 0.2], [6518965.0, 0.001], [6519411.0, 0.002], [6519520.0, 0.120252], [6519637.0, 0.0001], [6519873.0, 0.00097752], [6519945.0, 0.00923692], [6519977.0, 0.001], [6519982.0, 0.0092062], [6519985.0, 0.00922155], [6519999.0, 0.0002]], "bids": [[6512926.0, 0.005], [6512842.0, 0.0011], [6512841.0, 0.12], [6512800.0, 0.000252], [6512654.0, 0.0753], [6512571.0, 0.01499904], [6512501.0, 0.0003], [6512432.0, 0.12], [6512255.0, 0.002], [6512071.0, 0.0784], [6512023.0, 0.12], [6511950.0, 0.0823], [6511680.0, 0.000252], [6511615.0, 0.008], [6511614.0, 0.12], [6511296.0, 0.049], [6511251.0, 0.0003], [6510576.0, 0.12], [6510565.0, 0.0784], [6510560.0, 0.000252], [6510001.0, 0.0002], [6509979.0, 0.12], [6509809.0, 0.005], [6509808.0, 0.048], [6509653.0, 0.002], [6509440.0, 0.000252], [6509209.0, 0.001], [6508751.0, 0.0002], [6508718.0, 0.0792], [6508570.0, 0.04], [6508424.0, 0.0505], [6508320.0, 0.000252], [6507503.0, 0.005], [6507501.0, 0.0002], [6507298.0, 0.01], [6507200.0, 0.000252], [6507110.0, 0.0485], [6506286.0, 0.001], [6506285.0, 0.00921793], [6506280.0, 0.006]], "timestamp": 1618027462.01364}
{"asks": [[6517163.0, 0.05219374], [6517166.0, 0.00923692], [6517168.0, 0.0033], [6517170.0, 0.12], [6517273.0, 0.048], [6517280.0, 0.000252], [6517431.0, 0.03070239], [6517579.0, 0.12], [6517618.0, 0.0494], [6518000.0, 0.00015], [6518020.0, 0.00922097], [6518024.0, 0.001], [6518027.0, 0.00923402], [6518051.0, 0.0823], [6518327.0, 0.00921793], [6518332.0, 0.1496], [6518400.0, 0.000252], [6518573.0, 0.0823], [6518634.0, 0.0515], [6518679.0, 0.0472], [6518680.0, 0.0021], [6518743.0, 0.12], [6518749.0, 0.0003], [6518886.0, 0.2], [6519026.0, 0.002], [6519253.0, 0.04892475], [6519306.0, 0.002], [6519322.0, 0.05728001], [6519520.0, 0.120252], [6519637.0, 0.0001], [6519870.0, 0.0092062], [6519873.0, 0.00097752], [6519925.0, 0.00922155], [6519931.0, 0.12], [6519999.0, 0.0002], [6520000.0, 0.2161], [6520111.0, 0.0005], [6520115.0, 0.05], [6520204.0, 0.0006], [6520260.0, 0.0001]], "bids": [[6513785.0, 0.0494], [6513445.0, 0.02], [6513104.0, 0.0823], [6512849.0, 0.00922155], [6512848.0, 0.03], [6512843.0, 0.5], [6512841.0, 0.12], [6512800.0, 0.000252], [6512751.0, 0.01], [6512655.0, 0.0033], [6512654.0, 0.0753], [6512527.0, 0.01499904], [6512501.0, 0.0003], [6512432.0, 0.12], [6512071.0, 0.0784], [6512025.0, 0.013], [6512023.0, 0.12], [6511680.0, 0.000252], [6511614.0, 0.12], [6511296.0, 0.049], [6511251.0, 0.0003], [6510576.0, 0.12], [6510565.0, 0.0784], [6510560.0, 0.000252], [6510154.0, 0.005], [6510153.0, 0.002], [6510001.0, 0.0002], [6509979.0, 0.12], [6509808.0, 0.048], [6509549.0, 0.002], [6509440.0, 0.000252], [6508751.0, 0.0002], [6508718.0, 0.0792], [6508570.0, 0.04], [6508426.0, 0.005], [6508424.0, 0.0505], [6508320.0, 0.000252], [6508219.0, 0.01], [6507501.0, 0.0002], [6507200.0, 0.000252]], "timestamp": 1618027467.0182753}
{"asks": [[6516099.0, 0.01765285], [6517101.0, 0.002], [6517126.0, 0.03069685], [6517149.0, 0.01707742], [6517152.0, 0.0092062], [6517280.0, 0.000252], [6517924.0, 0.0352], [6517925.0, 0.12], [6518000.0, 0.00015], [6518310.0, 0.00922097], [6518317.0, 0.00921793], [6518334.0, 0.12], [6518400.0, 0.000252], [6518427.0, 0.04892475], [6518484.0, 0.00923402], [6518489.0, 0.05728001], [6518634.0, 0.0515], [6518679.0, 0.0472], [6518680.0, 0.0021], [6518721.0, 0.0352], [6518743.0, 0.12], [6518749.0, 0.0003], [6518886.0, 0.2], [6519439.0, 0.002], [6519480.0, 0.002], [6519520.0, 0.120252], [6519637.0, 0.0001], [6519719.0, 0.001], [6519727.0, 0.00923692], [6519873.0, 0.00097752], [6519911.0, 0.001], [6519919.0, 0.00922155], [6519931.0, 0.12], [6519999.0, 0.0002], [6520000.0, 0.2161], [6520111.0, 0.0005], [6520115.0, 0.05], [6520204.0, 0.0006], [6520260.0, 0.0001], [6520342.0, 0.12]], "bids": [[6514830.0, 0.0497], [6514372.0, 0.005], [6513994.0, 0.01499904], [6513794.0, 0.00922155], [6513789.0, 0.13], [6513788.0, 0.02], [6513664.0, 0.00923402], [6513660.0, 0.0022], [6513659.0, 0.12], [6513551.0, 0.0816], [6513261.0, 0.001], [6513253.0, 0.00923692], [6513250.0, 0.12], [6512869.0, 0.00921793], [6512864.0, 0.0092062], [6512841.0, 0.12], [6512800.0, 0.000252], [6512501.0, 0.0003], [6512432.0, 0.12], [6512371.0, 0.013], [6512370.0, 0.002], [6512071.0, 0.0784], [6512023.0, 0.12], [6512000.0, 0.01], [6511680.0, 0.000252], [6511614.0, 0.12], [6511296.0, 0.049], [6511251.0, 0.0003], [6510566.0, 0.005], [6510565.0, 0.0784], [6510560.0, 0.000252], [6510001.0, 0.0002], [6509808.0, 0.048], [6509722.0, 0.002], [6509682.0, 0.002], [6509440.0, 0.000252], [6509166.0, 0.00922097], [6509008.0, 0.01], [6508799.0, 0.005], [6508759.0, 0.001]], "timestamp": 1618027472.1433096}
{"asks": [[6516055.0, 0.01], [6516417.0, 0.025], [6516422.0, 0.02774759], [6518011.0, 0.02327], [6518191.0, 0.0092062], [6518194.0, 0.0495], [6518210.0, 0.001], [6518213.0, 0.00923402], [6518223.0, 0.03069852], [6518290.0, 0.001], [6518295.0, 0.12], [6518300.0, 0.00923692], [6518394.0, 0.0792], [6518400.0, 0.000252], [6518680.0, 0.0021], [6518704.0, 0.12], [6518749.0, 0.0003], [6518886.0, 0.2], [6519113.0, 0.12], [6519234.0, 0.048], [6519520.0, 0.000252], [6519522.0, 0.12], [6519637.0, 0.0001], [6519735.0, 0.0792], [6519850.0, 0.00922097], [6519857.0, 0.002], [6519866.0, 0.002], [6519873.0, 0.00097752], [6519931.0, 0.12], [6519999.0, 0.0002], [6520000.0, 0.2161], [6520075.0, 0.04892475], [6520111.0, 0.0005], [6520127.0, 0.05728001], [6520204.0, 0.0006], [6520260.0, 0.0001], [6520342.0, 0.12], [6520640.0, 0.000252], [6520899.0, 0.0515], [6521249.0, 0.0002]], "bids": [[6514501.0, 0.0032], [6514483.0, 0.03416995], [6514477.0, 0.12], [6514380.0, 0.0502], [6514339.0, 0.02], [6514068.0, 0.12], [6513920.0, 0.000252], [6513789.0, 0.13], [6513660.0, 0.0033], [6513659.0, 0.12], [6513551.0, 0.0816], [6513527.0, 0.0828], [6513251.0, 0.013], [6513250.0, 0.12], [6513016.0, 0.002], [6512841.0, 0.12], [6512800.0, 0.000252], [6512501.0, 0.0003], [6512432.0, 0.12], [6512362.0, 0.01499904], [6512071.0, 0.0784], [6512000.0, 0.01], [6511680.0, 0.000252], [6511297.0, 0.005], [6511296.0, 0.049], [6511251.0, 0.0003], [6510565.0, 0.0784], [6510560.0, 0.000252], [6510099.0, 0.002], [6510001.0, 0.0002], [6509809.0, 0.005], [6509808.0, 0.048], [6509440.0, 0.000252], [6509406.0, 0.01], [6508831.0, 0.0092062], [6508828.0, 0.001], [6508827.0, 0.00922097], [6508820.0, 0.001], [6508817.0, 0.01023402], [6508812.0, 0.00923692]], "timestamp": 1618027477.0360289}
