{"asks": [[6490400.0, 0.000252], [6490442.0, 0.0029], [6491435.0, 0.01492462], [6491510.0, 0.005], [6491515.0, 0.12], [6491520.0, 0.000252], [6491887.0, 0.0066], [6491888.0, 0.08739826], [6491916.0, 0.12], [6492316.0, 0.01], [6492317.0, 0.12], [6492368.0, 0.002], [6492640.0, 0.000252], [6492718.0, 0.12], [6492859.0, 0.0495], [6493118.0, 0.12], [6493274.0, 0.001], [6493403.0, 0.0776], [6493518.0, 0.12], [6493657.0, 0.02], [6493760.0, 0.000252], [6493907.0, 0.002], [6494018.0, 0.005], [6494541.0, 0.00308149], [6494880.0, 0.000252], [6494883.0, 0.01], [6494891.0, 0.0816], [6494999.0, 0.0002], [6495008.0, 0.0027], [6495034.0, 0.05], [6495483.0, 0.04990813], [6495666.0, 0.06060581], [6495685.0, 0.001], [6495999.0, 0.005], [6496000.0, 0.000252], [6496183.0, 0.0091802], [6496189.0, 0.00918474], [6496196.0, 0.01017889], [6496199.0, 0.00918153], [6496204.0, 0.00918516]], "bids": [[6487643.0, 0.003], [6487337.0, 0.0091802], [6487332.0, 0.066], [6487331.0, 0.22376699], [6487139.0, 0.12], [6486743.0, 0.03], [6486739.0, 0.00489741], [6486738.0, 0.12], [6486611.0, 0.01], [6486257.0, 0.12], [6486251.0, 0.0002], [6485935.0, 0.0515], [6485920.0, 0.000252], [6485770.0, 0.00918474], [6485712.0, 0.0776], [6485620.0, 0.130452], [6485568.0, 0.00205132], [6485002.0, 0.12], [6485001.0, 0.0002], [6484898.0, 0.002], [6484800.0, 0.000252], [6484353.0, 0.001], [6484345.0, 0.00917889], [6484342.0, 0.5], [6484341.0, 0.171], [6483751.0, 0.0002], [6483680.0, 0.000252], [6483554.0, 0.0776], [6483553.0, 0.01], [6482622.0, 0.0025], [6482587.0, 0.001], [6482579.0, 0.00918516], [6482568.0, 0.1], [6482560.0, 0.000252], [6482501.0, 0.0002], [6482336.0, 0.0655], [6482133.0, 0.049], [6481528.0, 0.375], [6481527.0, 0.02], [6481440.0, 0.000252]], "timestamp": 1618026937.053846}
{"asks": [[6490247.0, 0.007], [6490400.0, 0.000252], [6491048.0, 0.005], [6491249.0, 0.0002], [6491510.0, 0.00499826], [6491513.0, 0.01], [6491515.0, 0.12], [6491520.0, 0.000252], [6491775.0, 0.01492462], [6491888.0, 0.0824], [6491916.0, 0.12], [6492198.0, 0.001], [6492316.0, 0.0264], [6492317.0, 0.12], [6492499.0, 0.0002], [6492640.0, 0.000252], [6492718.0, 0.12], [6492824.0, 0.002], [6492859.0, 0.0495], [6493118.0, 0.12], [6493400.0, 0.005], [6493403.0, 0.0776], [6493518.0, 0.12], [6493601.0, 0.0489], [6493738.0, 0.00308152], [6493749.0, 0.0002], [6493760.0, 0.000252], [6493907.0, 0.002], [6494093.0, 0.02], [6494214.0, 0.0814], [6494800.0, 0.001], [6494880.0, 0.000252], [6494883.0, 0.01], [6494891.0, 0.0816], [6494999.0, 0.0002], [6495008.0, 0.0027], [6495034.0, 0.05], [6495195.0, 0.00918617], [6495198.0, 0.005], [6495200.0, 0.05960581]], "bids": [[6488886.0, 0.0488], [6488885.0, 0.0814], [6487393.0, 0.00918617], [6487390.0, 0.00918035], [6487385.0, 0.001], [6487383.0, 0.0091802], [6487377.0, 0.00748474], [6487373.0, 0.00917889], [6487370.0, 0.00918153], [6487361.0, 0.0121], [6487360.0, 0.48860025], [6487332.0, 0.066], [6487139.0, 0.12], [6487068.0, 0.0792], [6486738.0, 0.12], [6486257.0, 0.12], [6486251.0, 0.0002], [6486017.0, 0.00205132], [6485935.0, 0.0515], [6485920.0, 0.000252], [6485712.0, 0.0776], [6485620.0, 0.130452], [6485002.0, 0.12], [6485001.0, 0.0002], [6484800.0, 0.000252], [6484342.0, 0.5], [6484341.0, 0.171], [6483752.0, 0.04988406], [6483751.0, 0.0002], [6483680.0, 0.000252], [6483554.0, 0.0776], [6483278.0, 0.01], [6483043.0, 0.002], [6482568.0, 0.1], [6482560.0, 0.000252], [6482501.0, 0.0002], [6482336.0, 0.0655], [6482223.0, 0.001], [6482149.0, 0.0025], [6482134.0, 0.375]], "timestamp": 1618026942.002977}
{"asks": [[6488749.0, 0.0002], [6489671.0, 0.001], [6489998.0, 0.01], [6489999.0, 0.0002], [6490157.0, 0.03], [6490390.0, 0.005], [6490400.0, 0.000252], [6490997.0, 0.002], [6491241.0, 0.0121], [6491249.0, 0.0012], [6491515.0, 0.12], [6491520.0, 0.000252], [6491877.0, 0.005], [6491878.0, 0.001], [6491888.0, 0.0824], [6491916.0, 0.12], [6491948.0, 0.01492462], [6492317.0, 0.12], [6492430.0, 0.00308144], [6492433.0, 0.02], [6492499.0, 0.0002], [6492640.0, 0.000252], [6492718.0, 0.12], [6492859.0, 0.0495], [6493118.0, 0.12], [6493403.0, 0.0776], [6493415.0, 0.001], [6493418.0, 0.001], [6493517.0, 0.005], [6493518.0, 0.12], [6493749.0, 0.0002], [6493760.0, 0.000252], [6493907.0, 0.002], [6494253.0, 0.05960581], [6494268.0, 0.04990813], [6494709.0, 0.00918035], [6494714.0, 0.0091802], [6494800.0, 0.001], [6494854.0, 0.001], [6494859.0, 0.00918617]], "bids": [[6486768.0, 0.49101913], [6486739.0, 0.0099], [6486738.0, 0.12], [6486257.0, 0.12], [6486251.0, 0.0002], [6485935.0, 0.0515], [6485920.0, 0.000252], [6485712.0, 0.0776], [6485620.0, 0.130452], [6485571.0, 0.00205132], [6485001.0, 0.1202], [6484800.0, 0.000252], [6484358.0, 0.121], [6484350.0, 0.00917889], [6484342.0, 0.08707449], [6484341.0, 0.051], [6484120.0, 0.01], [6483751.0, 0.0002], [6483680.0, 0.000252], [6483554.0, 0.0776], [6483076.0, 0.0025], [6482576.0, 0.001], [6482571.0, 0.00918617], [6482568.0, 0.1], [6482560.0, 0.000252], [6482501.0, 0.0002], [6482336.0, 0.0655], [6482134.0, 0.5], [6482133.0, 0.049], [6481886.0, 0.006], [6481800.0, 0.02], [6481442.0, 0.375], [6481441.0, 0.04716896], [6481440.0, 0.000252], [6481404.0, 0.001], [6481251.0, 0.0001], [6480901.0, 0.01909795], [6480586.0, 0.001], [6480537.0, 0.02], [6480320.0, 0.000252]], "timestamp": 1618026947.0116627}
{"asks": [[6487642.0, 0.01], [6487643.0, 0.007], [6488077.0, 0.001], [6488103.0, 0.001], [6488160.0, 0.000252], [6488187.0, 0.03], [6488192.0, 0.066], [6488193.0, 0.00499826], [6488198.0, 0.005], [6488299.0, 0.12], [6488472.0, 0.002], [6488701.0, 0.12], [6488749.0, 0.0002], [6489061.0, 0.0768], [6489103.0, 0.12], [6489280.0, 0.000252], [6489457.0, 0.005], [6489458.0, 0.01499991], [6489505.0, 0.12], [6489771.0, 0.051], [6489907.0, 0.12], [6489999.0, 0.0002], [6490309.0, 0.12], [6490389.0, 0.0784], [6490400.0, 0.000252], [6490522.0, 0.00308229], [6490868.0, 0.02], [6491159.0, 0.005], [6491160.0, 0.0505], [6491249.0, 0.0002], [6491520.0, 0.000252], [6491888.0, 0.0824], [6491892.0, 0.001], [6491897.0, 0.001], [6492499.0, 0.0002], [6492640.0, 0.000252], [6492793.0, 0.04990813], [6492809.0, 0.05960581], [6492842.0, 0.0025], [6492859.0, 0.0495]], "bids": [[6483758.0, 0.00918153], [6483753.0, 0.0055], [6483752.0, 0.0308], [6483751.0, 0.1202], [6483680.0, 0.000252], [6483554.0, 0.0776], [6483440.0, 0.0505], [6483076.0, 0.12], [6482615.0, 0.00917889], [6482612.0, 0.00918474], [6482610.0, 0.001], [6482605.0, 0.09626066], [6482602.0, 0.00918035], [6482597.0, 0.0091802], [6482591.0, 0.12], [6482568.0, 0.1], [6482560.0, 0.000252], [6482501.0, 0.0002], [6482337.0, 0.22658774], [6482336.0, 0.0655], [6482134.0, 0.12], [6482133.0, 0.049], [6481441.0, 0.12], [6481440.0, 0.000252], [6481404.0, 0.001], [6481294.0, 0.5], [6481293.0, 0.0792], [6481251.0, 0.0001], [6480901.0, 0.13909795], [6480684.0, 0.01], [6480529.0, 0.375], [6480320.0, 0.000252], [6480001.0, 0.0001], [6479744.0, 0.00436964], [6479620.0, 0.0025], [6479258.0, 0.006], [6479200.0, 0.000252], [6478751.0, 0.0001], [6478750.0, 0.049], [6478592.0, 0.001]], "timestamp": 1618026952.0330117}
{"asks": [[6486521.0, 0.007], [6486557.0, 0.001], [6486741.0, 0.005], [6487526.0, 0.03], [6487531.0, 0.066], [6487537.0, 0.01499991], [6487726.0, 0.00499826], [6487895.0, 0.01], [6487897.0, 0.12], [6487945.0, 0.002], [6488160.0, 0.000252], [6488299.0, 0.12], [6488701.0, 0.12], [6488749.0, 0.0002], [6489061.0, 0.0768], [6489103.0, 0.12], [6489147.0, 0.0486], [6489280.0, 0.000252], [6489505.0, 0.12], [6489769.0, 0.005], [6489771.0, 0.051], [6489907.0, 0.12], [6489999.0, 0.0002], [6490005.0, 0.0808], [6490338.0, 0.02], [6490389.0, 0.0784], [6490400.0, 0.000252], [6490674.0, 0.00308225], [6491160.0, 0.0505], [6491249.0, 0.0002], [6491364.0, 0.005], [6491520.0, 0.000252], [6491725.0, 0.0025], [6491888.0, 0.0824], [6492126.0, 0.04990813], [6492499.0, 0.0002], [6492624.0, 0.0091802], [6492630.0, 0.00917889], [6492633.0, 0.00918474], [6492640.0, 0.000252]], "bids": [[6484558.0, 0.0486], [6484261.0, 0.0809], [6483880.0, 0.12], [6483784.0, 0.0808], [6483680.0, 0.000252], [6483591.0, 0.01], [6483479.0, 0.0154], [6483478.0, 0.12], [6483134.0, 0.1212], [6483108.0, 0.10505621], [6483076.0, 0.12], [6483000.0, 0.00010005], [6482706.0, 0.001], [6482704.0, 0.0091802], [6482698.0, 0.0792], [6482636.0, 0.001], [6482631.0, 0.00917889], [6482591.0, 0.12], [6482560.0, 0.000252], [6482501.0, 0.0002], [6482337.0, 0.23619176], [6482336.0, 0.0655], [6482134.0, 0.12], [6482133.0, 0.049], [6481448.0, 0.00918474], [6481446.0, 0.00918153], [6481441.0, 0.12], [6481440.0, 0.000252], [6481404.0, 0.001], [6481294.0, 0.58707449], [6481293.0, 0.0792], [6481251.0, 0.0001], [6480320.0, 0.000252], [6480049.0, 0.01], [6480001.0, 0.0001], [6479744.0, 0.00436964], [6479255.0, 0.375], [6479254.0, 0.08], [6479200.0, 0.000252], [6478754.0, 0.00918617]], "timestamp": 1618026957.016776}
{"asks": [[6487525.0, 0.03], [6487530.0, 0.0119], [6487729.0, 0.002], [6487896.0, 0.0319], [6487897.0, 0.12], [6488160.0, 0.000252], [6488299.0, 0.12], [6488701.0, 0.12499826], [6488749.0, 0.0002], [6488898.0, 0.005], [6488899.0, 0.01499991], [6489013.0, 0.0496], [6489061.0, 0.0768], [6489103.0, 0.12], [6489280.0, 0.000252], [6489284.0, 0.081], [6489505.0, 0.12], [6489771.0, 0.051], [6489893.0, 0.00308209], [6489907.0, 0.14], [6489999.0, 0.0002], [6490000.0, 0.002], [6490005.0, 0.0808], [6490222.0, 0.1222], [6490389.0, 0.0784], [6490400.0, 0.000252], [6490621.0, 0.001], [6490637.0, 0.001], [6490733.0, 0.005], [6491011.0, 0.0025], [6491160.0, 0.0505], [6491249.0, 0.0002], [6491520.0, 0.000252], [6491875.0, 0.001], [6491883.0, 0.00918035], [6491888.0, 0.0824], [6492086.0, 0.00918617], [6492089.0, 0.05960581], [6492125.0, 0.5], [6492126.0, 0.04990813]], "bids": [[6485180.0, 0.0496], [6484030.0, 0.005], [6483883.0, 0.00917889], [6483869.0, 0.0275], [6483868.0, 0.0826], [6483680.0, 0.000252], [6483479.0, 0.0143], [6483478.0, 0.12], [6483126.0, 0.002], [6483118.0, 0.00918474], [6483116.0, 0.00918153], [6483076.0, 0.12], [6483000.0, 0.00010005], [6482698.0, 0.0792], [6482591.0, 0.12], [6482570.0, 0.1651], [6482560.0, 0.000252], [6482501.0, 0.0002], [6482436.0, 0.05], [6482424.0, 0.1214], [6482336.0, 0.0655], [6482135.0, 0.24197334], [6482134.0, 0.12], [6481441.0, 0.12], [6481440.0, 0.000252], [6481404.0, 0.001], [6481293.0, 0.0792], [6481251.0, 0.0001], [6481086.0, 0.0505], [6480909.0, 0.001], [6480893.0, 0.001], [6480870.0, 0.01], [6480320.0, 0.120252], [6480001.0, 0.0001], [6479744.0, 0.00436964], [6479326.0, 0.00918617], [6479323.0, 0.00918035], [6479318.0, 0.0091802], [6479312.0, 0.375], [6479254.0, 0.08]], "timestamp": 1618026962.094261}
{"asks": [[6486870.0, 0.005], [6487647.0, 0.002], [6488160.0, 0.000252], [6488700.0, 0.066], [6488701.0, 0.00499826], [6488749.0, 0.0002], [6489053.0, 0.001], [6489280.0, 0.000252], [6489382.0, 0.01499991], [6489451.0, 0.02], [6489504.0, 0.12], [6489907.0, 0.12], [6489999.0, 0.0002], [6490000.0, 0.002], [6490389.0, 0.1984], [6490394.0, 0.001], [6490400.0, 0.000252], [6490870.0, 0.12], [6491038.0, 0.001], [6491249.0, 0.0002], [6491520.0, 0.120252], [6491612.0, 0.00308229], [6491873.0, 0.00918474], [6491875.0, 0.00918153], [6491880.0, 0.00918617], [6491883.0, 0.00918035], [6491888.0, 0.0824], [6492075.0, 0.121], [6492077.0, 0.0091802], [6492351.0, 0.0025], [6492466.0, 0.00917889], [6492469.0, 0.45337558], [6492499.0, 0.0002], [6492640.0, 0.000252], [6492719.0, 0.003], [6492720.0, 0.8319], [6492859.0, 0.0495], [6493554.0, 0.001], [6493585.0, 0.02], [6493646.0, 0.001]], "bids": [[6485155.0, 0.003], [6484964.0, 0.01], [6484096.0, 0.00917889], [6484093.0, 0.038], [6484092.0, 0.0515], [6484074.0, 0.0776], [6483885.0, 0.03], [6483880.0, 0.12], [6483751.0, 0.0002], [6483680.0, 0.000252], [6483479.0, 0.0143], [6483478.0, 0.12], [6483076.0, 0.12], [6482731.0, 0.00918474], [6482729.0, 0.01018153], [6482724.0, 0.00918617], [6482721.0, 0.00918035], [6482716.0, 0.001], [6482714.0, 0.0091802], [6482708.0, 0.08707449], [6482698.0, 0.0792], [6482591.0, 0.12], [6482560.0, 0.000252], [6482501.0, 0.0002], [6482436.0, 0.05], [6482366.0, 0.10505621], [6482337.0, 0.005], [6482336.0, 0.0655], [6482134.0, 0.12], [6481441.0, 0.12], [6481440.0, 0.000252], [6481404.0, 0.001], [6481309.0, 0.001], [6481293.0, 0.0792], [6481251.0, 0.0001], [6481086.0, 0.0505], [6480870.0, 0.01], [6480666.0, 0.001], [6480320.0, 0.000252], [6480196.0, 0.375]], "timestamp": 1618026967.00666}
{"asks": [[6489999.0, 0.0002], [6490000.0, 0.002], [6490400.0, 0.000252], [6490713.0, 0.066], [6491249.0, 0.0002], [6491312.0, 0.002], [6491516.0, 0.01499991], [6491520.0, 0.000252], [6492075.0, 0.12], [6492351.0, 0.0025], [6492499.0, 0.1202], [6492640.0, 0.000252], [6493118.0, 0.12], [6493310.0, 0.02], [6493571.0, 0.12], [6493585.0, 0.02], [6493749.0, 0.0002], [6493760.0, 0.000252], [6493907.0, 0.003], [6493911.0, 0.001], [6494145.0, 0.12], [6494365.0, 0.00308125], [6494386.0, 0.001], [6494394.0, 0.01417715], [6494397.0, 0.00918474], [6494399.0, 0.01018153], [6494404.0, 0.00918617], [6494407.0, 0.00918035], [6494484.0, 0.0655], [6494793.0, 0.17], [6494800.0, 0.001], [6494880.0, 0.000252], [6494883.0, 0.01], [6494999.0, 0.0002], [6495008.0, 0.0027], [6495043.0, 0.02], [6495523.0, 0.003], [6495524.0, 0.0784], [6495968.0, 0.5], [6495969.0, 0.49173998]], "bids": [[6489770.0, 0.02451638], [6488254.0, 0.048], [6488214.0, 0.003], [6488089.0, 0.01], [6488063.0, 0.0776], [6488007.0, 0.0827], [6487910.0, 0.12], [6487507.0, 0.12], [6487177.0, 0.01], [6487148.0, 0.124], [6487104.0, 0.12], [6486737.0, 0.049], [6486701.0, 0.12], [6486298.0, 0.12], [6486251.0, 0.0002], [6485896.0, 0.0253], [6485895.0, 0.12], [6485882.0, 0.1654], [6485513.0, 0.00917889], [6485510.0, 0.0768], [6485393.0, 0.005], [6485390.0, 0.0515], [6485185.0, 0.10505621], [6485001.0, 0.0002], [6484800.0, 0.000252], [6484335.0, 0.01], [6484178.0, 0.001], [6484174.0, 0.001], [6484103.0, 0.00918474], [6484094.0, 0.24088266], [6484092.0, 0.0515], [6484074.0, 0.0776], [6483751.0, 0.0002], [6483680.0, 0.000252], [6483483.0, 0.005], [6482753.0, 0.001], [6482745.0, 0.01018153], [6482740.0, 0.00918617], [6482737.0, 0.00918035], [6482733.0, 0.04920335]], "timestamp": 1618026972.0297818}
{"asks": [[6492972.0, 0.002], [6493099.0, 0.0561], [6493106.0, 0.00918153], [6493749.0, 0.0002], [6493760.0, 0.000252], [6493907.0, 0.002], [6494145.0, 0.12], [6494793.0, 0.12], [6494880.0, 0.000252], [6494883.0, 0.01], [6494900.0, 0.02], [6494923.0, 0.01121226], [6494948.0, 0.001], [6494951.0, 0.001], [6494999.0, 0.0002], [6495008.0, 0.0027], [6495512.0, 0.0091864], [6495517.0, 0.014183], [6495524.0, 0.1984], [6495651.0, 0.05], [6495949.0, 0.001], [6495954.0, 0.00918617], [6495957.0, 0.12], [6495988.0, 0.00308073], [6496000.0, 0.000252], [6496249.0, 0.0001], [6496389.0, 0.1225], [6496430.0, 0.0655], [6496899.0, 0.121], [6496901.0, 0.0091802], [6496907.0, 0.00917889], [6496910.0, 0.8319], [6497120.0, 0.000252], [6497469.0, 0.46497126], [6497499.0, 0.0001], [6497576.0, 0.05901565], [6497600.0, 0.02], [6497777.0, 0.2], [6497884.0, 0.084], [6497960.0, 0.0001]], "bids": [[6491256.0, 0.001], [6491072.0, 0.01], [6490720.0, 0.037548], [6490682.0, 0.001], [6490677.0, 0.0808], [6490328.0, 0.12], [6489925.0, 0.12], [6489559.0, 0.0505], [6489523.0, 0.01], [6489522.0, 0.12], [6489369.0, 0.0768], [6489280.0, 0.000252], [6489266.0, 0.0821], [6489119.0, 0.12], [6488726.0, 0.0091802], [6488719.0, 0.09625338], [6488716.0, 0.12], [6488313.0, 0.12], [6488278.0, 0.01128755], [6488160.0, 0.000252], [6488064.0, 0.005], [6488063.0, 0.0776], [6488047.0, 0.0485], [6487500.0, 0.001], [6487134.0, 0.10505621], [6487040.0, 0.000252], [6486737.0, 0.049], [6486305.0, 0.0091864], [6486301.0, 0.005], [6486300.0, 0.23554728], [6486251.0, 0.0002], [6485920.0, 0.000252], [6485533.0, 0.001], [6485525.0, 0.00918153], [6485520.0, 0.00918474], [6485510.0, 0.0768], [6485495.0, 0.01], [6485390.0, 0.0515], [6485247.0, 0.001], [6485186.0, 0.5]], "timestamp": 1618026977.096986}
{"asks": [[6492694.0, 0.003], [6492914.0, 0.00535103], [6493223.0, 0.01700882], [6493229.0, 0.01799492], [6493234.0, 0.0077], [6493235.0, 0.01701175], [6493241.0, 0.002], [6494108.0, 0.0180001], [6494145.0, 0.12], [6494257.0, 0.02], [6494258.0, 0.00308082], [6494793.0, 0.12], [6494880.0, 0.000252], [6494883.0, 0.01], [6494990.0, 0.001], [6494993.0, 0.001], [6494999.0, 0.0002], [6495008.0, 0.0027], [6495364.0, 0.0485], [6495499.0, 0.001], [6495500.0, 0.00918474], [6495507.0, 0.0091864], [6495517.0, 0.00499826], [6495523.0, 0.0165], [6495524.0, 0.1984], [6495957.0, 0.12], [6496000.0, 0.000252], [6496249.0, 0.0001], [6496373.0, 0.01121226], [6496384.0, 0.00918153], [6496389.0, 0.12], [6496606.0, 0.05901565], [6496777.0, 0.00918617], [6496780.0, 0.049], [6496878.0, 0.001], [6496880.0, 0.0091802], [6496886.0, 0.00917889], [6496899.0, 0.12], [6496910.0, 0.8319], [6497120.0, 0.000252]], "bids": [[6490720.0, 0.037548], [6490400.0, 0.000252], [6489527.0, 0.001], [6489522.0, 0.12], [6489369.0, 0.0768], [6489280.0, 0.000252], [6489120.0, 0.022], [6489119.0, 0.12], [6489022.0, 0.01128755], [6488751.0, 0.0002], [6488716.0, 0.12], [6488315.0, 0.01], [6488313.0, 0.12], [6488234.0, 0.0485], [6488160.0, 0.000252], [6488063.0, 0.0776], [6487501.0, 0.1202], [6487500.0, 0.001], [6487053.0, 0.001], [6487052.0, 0.00918474], [6487045.0, 0.0091864], [6487040.0, 0.120252], [6486738.0, 0.23776705], [6486737.0, 0.049], [6486388.0, 0.005], [6486330.0, 0.01], [6486316.0, 0.00917889], [6486305.0, 0.08707449], [6486251.0, 0.0002], [6485932.0, 0.0025], [6485920.0, 0.000252], [6485779.0, 0.002], [6485545.0, 0.00918617], [6485542.0, 0.001], [6485540.0, 0.0091802], [6485511.0, 0.5], [6485510.0, 0.0768], [6485390.0, 0.0515], [6485258.0, 0.001], [6485255.0, 0.001]], "timestamp": 1618026982.005892}
{"asks": [[6492293.0, 0.01], [6492335.0, 0.001], [6492784.0, 0.005], [6492895.0, 0.0143], [6492896.0, 0.05201549], [6492914.0, 0.00535103], [6494071.0, 0.01121226], [6494145.0, 0.12], [6494660.0, 0.0030808], [6494793.0, 0.12], [6494811.0, 0.02], [6494880.0, 0.000252], [6494883.0, 0.01], [6494999.0, 0.0002], [6495008.0, 0.0027], [6495486.0, 0.001], [6495494.0, 0.0091864], [6495517.0, 0.00499826], [6495523.0, 0.0165], [6495524.0, 0.1984], [6495821.0, 0.002], [6495957.0, 0.12], [6496000.0, 0.000252], [6496249.0, 0.0001], [6496389.0, 0.12], [6496724.0, 0.00917889], [6496727.0, 0.00918153], [6496732.0, 0.00918474], [6496738.0, 0.00918617], [6496741.0, 0.0091802], [6496750.0, 0.45615059], [6496780.0, 0.049], [6496899.0, 0.12], [6496910.0, 0.8319], [6497120.0, 0.000252], [6497354.0, 0.05901565], [6497366.0, 0.04941399], [6497499.0, 0.0001], [6497777.0, 0.2], [6497884.0, 0.084]], "bids": [[6491251.0, 0.0002], [6490725.0, 0.001], [6490721.0, 0.00464897], [6490720.0, 0.027548], [6490400.0, 0.000252], [6490001.0, 0.0002], [6489648.0, 0.0495], [6489528.0, 0.00918153], [6489522.0, 0.12], [6489370.0, 0.0055], [6489369.0, 0.0768], [6489280.0, 0.000252], [6489119.0, 0.12], [6488751.0, 0.0002], [6488716.0, 0.12], [6488544.0, 0.01], [6488543.0, 0.01128755], [6488313.0, 0.12], [6488234.0, 0.0485], [6488160.0, 0.000252], [6488063.0, 0.0776], [6487501.0, 0.1202], [6487500.0, 0.001], [6487093.0, 0.00917889], [6487089.0, 0.001], [6487088.0, 0.00918474], [6487084.0, 0.00918617], [6487081.0, 0.0091864], [6487076.0, 0.0091802], [6487062.0, 0.24064715], [6487045.0, 0.08707449], [6487040.0, 0.120252], [6486920.0, 0.002], [6486738.0, 0.005], [6486737.0, 0.049], [6486591.0, 0.01], [6486251.0, 0.0002], [6486085.0, 0.002], [6485920.0, 0.000252], [6485510.0, 0.0768]], "timestamp": 1618026987.024374}
{"asks": [[6492273.0, 0.0048], [6492914.0, 0.00535103], [6492935.0, 0.0143], [6492936.0, 0.12], [6493108.0, 0.02], [6493112.0, 0.0816], [6493339.0, 0.12], [6493742.0, 0.12], [6493760.0, 0.000252], [6493823.0, 0.00308116], [6494065.0, 0.002], [6494145.0, 0.12], [6494195.0, 0.0824], [6494276.0, 0.01121226], [6494431.0, 0.001], [6494704.0, 0.001], [6494793.0, 0.12], [6494880.0, 0.000252], [6494883.0, 0.01], [6494999.0, 0.0002], [6495008.0, 0.0027], [6495317.0, 0.1695], [6495509.0, 0.001], [6495517.0, 0.00499826], [6495523.0, 0.0165], [6495524.0, 0.0784], [6496000.0, 0.000252], [6496249.0, 0.0001], [6496665.0, 0.04941399], [6496672.0, 0.05901565], [6496709.0, 0.00918474], [6496716.0, 0.00918617], [6496719.0, 0.0091864], [6496763.0, 0.0091802], [6496769.0, 0.004], [6496777.0, 0.00917889], [6496780.0, 0.049], [6496892.0, 0.5], [6497115.0, 0.00918153], [6497120.0, 0.000252]], "bids": [[6489349.0, 0.001], [6489120.0, 0.01], [6488751.0, 0.0002], [6488716.0, 0.12], [6488313.0, 0.12], [6488160.0, 0.000252], [6488064.0, 0.01], [6488063.0, 0.0776], [6487612.0, 0.002], [6487501.0, 0.1202], [6487500.0, 0.001], [6487150.0, 0.0091802], [6487142.0, 0.00918153], [6487136.0, 0.001], [6487128.0, 0.0091864], [6487123.0, 0.10505621], [6487093.0, 0.12], [6487044.0, 0.0816], [6487040.0, 0.000252], [6486737.0, 0.049], [6486591.0, 0.12], [6486252.0, 0.005], [6486251.0, 0.0002], [6485920.0, 0.120252], [6485566.0, 0.0025], [6485510.0, 0.0768], [6485424.0, 0.01], [6485390.0, 0.0515], [6485001.0, 0.0002], [6484969.0, 0.001], [6484800.0, 0.000252], [6484697.0, 0.001], [6484347.0, 0.005], [6484346.0, 0.02], [6483959.0, 0.001], [6483951.0, 0.00917889], [6483948.0, 0.00918474], [6483944.0, 0.00918617], [6483941.0, 0.0655], [6483751.0, 0.0002]], "timestamp": 1618026992.013}
{"asks": [[6491741.0, 0.003], [6491984.0, 0.01701175], [6491995.0, 0.03500374], [6492275.0, 0.0176], [6492304.0, 0.01476088], [6492533.0, 0.12], [6492640.0, 0.000252], [6492652.0, 0.0816], [6492914.0, 0.00535103], [6492936.0, 0.12], [6492975.0, 0.00308104], [6493339.0, 0.12], [6493510.0, 0.02], [6493720.0, 0.049], [6493742.0, 0.12], [6493749.0, 0.0002], [6493760.0, 0.000252], [6493787.0, 0.002], [6494137.0, 0.001], [6494145.0, 0.12499826], [6494195.0, 0.0824], [6494788.0, 0.0101864], [6494793.0, 0.12], [6494811.0, 0.001], [6494880.0, 0.000252], [6494883.0, 0.01], [6494999.0, 0.0002], [6495008.0, 0.0027], [6495202.0, 0.05], [6495518.0, 0.0091802], [6495524.0, 0.0784], [6495581.0, 0.04941399], [6495704.0, 0.05901565], [6495810.0, 0.47612758], [6496000.0, 0.000252], [6496249.0, 0.0001], [6496681.0, 0.001], [6496686.0, 0.00917889], [6496689.0, 0.00918153], [6496694.0, 0.00918474]], "bids": [[6489529.0, 0.0002], [6488751.0, 0.0002], [6488716.0, 0.12], [6488314.0, 0.0429], [6488313.0, 0.12], [6488160.0, 0.000252], [6488063.0, 0.0776], [6487949.0, 0.002], [6487860.0, 0.01], [6487580.0, 0.0091864], [6487575.0, 0.00918153], [6487501.0, 0.1202], [6487500.0, 0.001], [6487208.0, 0.00354862], [6487107.0, 0.001], [6487099.0, 0.0091802], [6487093.0, 0.12], [6487044.0, 0.0816], [6487040.0, 0.000252], [6486737.0, 0.049], [6486591.0, 0.20707449], [6486251.0, 0.0002], [6486067.0, 0.005], [6486065.0, 0.1223], [6485994.0, 0.001], [6485920.0, 0.120252], [6485596.0, 0.10505621], [6485510.0, 0.0768], [6485390.0, 0.0515], [6485288.0, 0.01], [6485122.0, 0.1631], [6485075.0, 0.001], [6485052.0, 0.001], [6485003.0, 0.5], [6485002.0, 0.22694468], [6485001.0, 0.0002], [6484800.0, 0.000252], [6483976.0, 0.005], [6483974.0, 0.001], [6483969.0, 0.00917889]], "timestamp": 1618026997.0999444}
{"asks": [[6494351.0, 0.03], [6494355.0, 0.055], [6494356.0, 0.05201549], [6494359.0, 0.001], [6494362.0, 0.0091864], [6494377.0, 0.0091802], [6494751.0, 0.01], [6494793.0, 0.12], [6494880.0, 0.000252], [6494883.0, 0.01], [6494894.0, 0.00926581], [6494999.0, 0.0002], [6495008.0, 0.0027], [6495202.0, 0.12], [6495495.0, 0.001], [6495503.0, 0.00917889], [6495639.0, 0.0030805], [6495704.0, 0.12], [6495946.0, 0.002], [6496000.0, 0.000252], [6496108.0, 0.12], [6496249.0, 0.0001], [6496513.0, 0.12], [6496716.0, 0.001], [6496974.0, 0.121], [6497120.0, 0.000252], [6497246.0, 0.05901565], [6497254.0, 0.04941399], [6497499.0, 0.0001], [6497765.0, 0.00918153], [6497767.0, 0.00918617], [6497770.0, 0.00918474], [6497777.0, 0.20499826], [6497884.0, 0.084], [6497960.0, 0.0001], [6497970.0, 0.45196344], [6498000.0, 0.1015], [6498145.0, 0.048], [6498240.0, 0.000252], [6498259.0, 0.0655]], "bids": [[6492017.0, 0.001], [6491757.0, 0.02], [6491633.0, 0.01], [6491564.0, 0.0498], [6491379.0, 0.0002], [6491232.0, 0.049], [6490914.0, 0.0829], [6490745.0, 0.0808], [6490400.0, 0.000252], [6490327.0, 0.12], [6489924.0, 0.12], [6489921.0, 0.01], [6489920.0, 0.002], [6489796.0, 0.01281443], [6489648.0, 0.00918153], [6489646.0, 0.00918617], [6489643.0, 0.00918474], [6489640.0, 0.001], [6489636.0, 0.0091864], [6489631.0, 0.08707449], [6489592.0, 0.0515], [6489521.0, 0.12], [6489418.0, 0.0824], [6489280.0, 0.000252], [6489118.0, 0.12], [6488751.0, 0.0002], [6488716.0, 0.12], [6488313.0, 0.12], [6488161.0, 0.005], [6488160.0, 0.000252], [6488108.0, 0.0515], [6488063.0, 0.0776], [6487612.0, 0.10505621], [6487507.0, 0.0091802], [6487501.0, 0.0002], [6487500.0, 0.001], [6487235.0, 0.001], [6487209.0, 0.23474172], [6487123.0, 0.001], [6487115.0, 0.00917889]], "timestamp": 1618027002.039402}
{"asks": [[6494704.0, 0.00926581], [6494878.0, 0.03], [6494880.0, 0.000252], [6494883.0, 0.01], [6494999.0, 0.0002], [6495008.0, 0.0027], [6496000.0, 0.000252], [6496030.0, 0.0496], [6496110.0, 0.12], [6496249.0, 0.0001], [6496508.0, 0.0091864], [6496513.0, 0.12], [6496582.0, 0.0816], [6496687.0, 0.0829], [6496834.0, 0.0515], [6497120.0, 0.120252], [6497499.0, 0.0001], [6497563.0, 0.0030804], [6497730.0, 0.001], [6497738.0, 0.00917889], [6497741.0, 0.00918153], [6497743.0, 0.00918617], [6497746.0, 0.001], [6497747.0, 0.00918474], [6497754.0, 0.12], [6497756.0, 0.0091802], [6497777.0, 0.20499826], [6497835.0, 0.02], [6497884.0, 0.084], [6497960.0, 0.0001], [6498000.0, 0.1015], [6498145.0, 0.048], [6498193.0, 0.12], [6498240.0, 0.000252], [6498519.0, 0.00098069], [6498749.0, 0.1201], [6498765.0, 0.001], [6498887.0, 0.5], [6498888.0, 0.2], [6499000.0, 0.08]], "bids": [[6492501.0, 0.0002], [6492272.0, 0.0496], [6492255.0, 0.0031], [6491395.0, 0.0829], [6490952.0, 0.021], [6490951.0, 0.03400374], [6490945.0, 0.01471549], [6490916.0, 0.0285], [6490738.0, 0.00917889], [6490735.0, 0.00918153], [6490730.0, 0.12], [6490724.0, 0.0768], [6490400.0, 0.000252], [6490327.0, 0.12], [6490002.0, 0.005], [6490001.0, 0.0002], [6489924.0, 0.12], [6489605.0, 0.01281443], [6489521.0, 0.12], [6489491.0, 0.048], [6489418.0, 0.0824], [6489280.0, 0.000252], [6489139.0, 0.001], [6489007.0, 0.001], [6488762.0, 0.001], [6488752.0, 0.22624846], [6488751.0, 0.1202], [6488175.0, 0.005], [6488174.0, 0.00918617], [6488171.0, 0.001], [6488170.0, 0.00918474], [6488168.0, 0.0091864], [6488163.0, 0.12], [6488160.0, 0.000252], [6488108.0, 0.0515], [6488063.0, 0.0776], [6487557.0, 0.01], [6487501.0, 0.0002], [6487500.0, 0.001], [6487215.0, 0.0091802]], "timestamp": 1618027007.005788}
{"asks": [[6495067.0, 0.003], [6495404.0, 0.97144712], [6495405.0, 0.051], [6495943.0, 0.03400667], [6496102.0, 0.0091802], [6496103.0, 0.03], [6496108.0, 0.066], [6496109.0, 0.02], [6496110.0, 0.00499826], [6496310.0, 0.12], [6496507.0, 0.001], [6496582.0, 0.0816], [6496687.0, 0.0829], [6496715.0, 0.12], [6496834.0, 0.0515], [6497019.0, 0.00308028], [6497120.0, 0.120252], [6497499.0, 0.0001], [6497698.0, 0.005], [6497699.0, 0.001], [6497707.0, 0.00917889], [6497710.0, 0.00918617], [6497713.0, 0.00918153], [6497718.0, 0.00918474], [6497722.0, 0.001], [6497725.0, 0.0091864], [6497754.0, 0.12], [6497777.0, 0.2], [6497835.0, 0.02], [6497884.0, 0.084], [6497960.0, 0.0001], [6498000.0, 0.1015], [6498145.0, 0.048], [6498193.0, 0.12], [6498240.0, 0.000252], [6498519.0, 0.00098069], [6498749.0, 0.1201], [6498765.0, 0.001], [6498888.0, 0.2], [6498899.0, 0.05901565]], "bids": [[6491396.0, 0.0061], [6491150.0, 0.001], [6491142.0, 0.001], [6491141.0, 0.00917889], [6491138.0, 0.00918153], [6491133.0, 0.12], [6490750.0, 0.00918474], [6490743.0, 0.0091864], [6490730.0, 0.12], [6490724.0, 0.0768], [6490700.0, 0.0829], [6490411.0, 0.005], [6490410.0, 0.01281443], [6490400.0, 0.000252], [6490327.0, 0.12], [6490001.0, 0.0002], [6489924.0, 0.12], [6489566.0, 0.0091802], [6489560.0, 0.00918617], [6489551.0, 0.10505621], [6489521.0, 0.20707449], [6489418.0, 0.0824], [6489280.0, 0.000252], [6489194.0, 0.001], [6489175.0, 0.001], [6488751.0, 0.1202], [6488181.0, 0.005], [6488160.0, 0.000252], [6488108.0, 0.0515], [6488092.0, 0.01], [6488063.0, 0.0776], [6487501.0, 0.0002], [6487500.0, 0.001], [6487062.0, 0.0025], [6487040.0, 0.000252], [6486737.0, 0.049], [6486251.0, 0.0002], [6485920.0, 0.000252], [6485887.0, 0.375], [6485840.0, 0.02]], "timestamp": 1618027012.0161161}
{"asks": [[6490800.0, 0.005], [6491748.0, 0.001], [6491754.0, 0.002], [6492480.0, 0.00918474], [6492482.0, 0.0091864], [6492483.0, 0.001], [6492490.0, 0.01], [6492499.0, 0.0002], [6492510.0, 0.011548], [6492515.0, 0.01125], [6492605.0, 0.0792], [6492635.0, 0.051], [6492665.0, 0.0033], [6492666.0, 0.12], [6493070.0, 0.12], [6493475.0, 0.12], [6493653.0, 0.005], [6493654.0, 0.02], [6493740.0, 0.001], [6493742.0, 0.00918611], [6493748.0, 0.97144712], [6493749.0, 0.0002], [6493760.0, 0.000252], [6493880.0, 0.12], [6493907.0, 0.0776], [6494051.0, 0.048], [6494199.0, 0.00308142], [6494285.0, 0.12], [6494690.0, 0.12], [6494880.0, 0.000252], [6495226.0, 0.0816], [6495333.0, 0.005], [6495361.0, 0.05901565], [6495405.0, 0.051], [6495960.0, 0.04941399], [6496000.0, 0.000252], [6496513.0, 0.00499826], [6496549.0, 0.0025], [6496582.0, 0.0816], [6496834.0, 0.0515]], "bids": [[6488182.0, 0.06], [6488181.0, 0.35355574], [6488160.0, 0.000252], [6487502.0, 0.0297], [6487501.0, 0.1202], [6487500.0, 0.001], [6487409.0, 0.01125], [6487211.0, 0.08], [6487062.0, 0.12], [6487040.0, 0.000252], [6486900.0, 0.003], [6486767.0, 0.10505621], [6486251.0, 0.1202], [6486041.0, 0.01], [6485920.0, 0.000252], [6485840.0, 0.12], [6485510.0, 0.0768], [6485492.0, 0.051], [6485232.0, 0.121], [6485223.0, 0.001], [6485125.0, 0.002], [6485001.0, 0.0002], [6484808.0, 0.00918617], [6484800.0, 0.000252], [6484468.0, 0.02], [6484141.0, 0.006], [6484032.0, 0.00918474], [6484030.0, 0.0091864], [6484025.0, 0.001], [6484023.0, 0.00918611], [6484017.0, 0.00917889], [6484014.0, 0.00918153], [6484009.0, 0.051], [6483985.0, 0.02], [6483941.0, 0.0655], [6483751.0, 0.0002], [6483680.0, 0.000252], [6483657.0, 0.5], [6483656.0, 0.0848], [6483299.0, 0.0025]], "timestamp": 1618027017.0326302}
{"asks": [[6494683.0, 0.01700882], [6494689.0, 0.03394502], [6494880.0, 0.000252], [6494938.0, 0.002], [6495007.0, 0.00351562], [6495689.0, 0.02], [6495999.0, 0.12], [6496000.0, 0.000252], [6496537.0, 0.00918153], [6496542.0, 0.00918474], [6496544.0, 0.0091864], [6496549.0, 0.12], [6496582.0, 0.0816], [6496834.0, 0.0515], [6497029.0, 0.005], [6497030.0, 0.12], [6497079.0, 0.00308029], [6497082.0, 0.005], [6497083.0, 0.00918611], [6497120.0, 0.000252], [6497198.0, 0.0025], [6497275.0, 0.001], [6497491.0, 0.001], [6497496.0, 0.00918617], [6497499.0, 0.1201], [6497774.0, 0.00917889], [6497777.0, 0.2], [6497873.0, 0.001], [6497960.0, 0.1201], [6498000.0, 0.1015], [6498160.0, 0.001], [6498240.0, 0.000252], [6498289.0, 0.02], [6498392.0, 0.02], [6498489.0, 0.5895916], [6498495.0, 0.0655], [6498519.0, 0.00098069], [6498594.0, 0.8319], [6498597.0, 0.02], [6498749.0, 0.0001]], "bids": [[6493303.0, 0.01], [6493148.0, 0.0098], [6491259.0, 0.0824], [6490572.0, 0.04941399], [6489923.0, 0.03400667], [6489918.0, 0.005], [6489916.0, 0.0812], [6489904.0, 0.01476562], [6489797.0, 0.12], [6489393.0, 0.12], [6489364.0, 0.005], [6489280.0, 0.000252], [6488989.0, 0.12], [6488593.0, 0.001], [6488585.0, 0.12], [6488518.0, 0.08], [6488402.0, 0.051], [6488345.0, 0.10505621], [6488182.0, 0.0132], [6488181.0, 0.12], [6488160.0, 0.000252], [6488134.0, 0.001], [6487536.0, 0.001], [6487501.0, 0.1202], [6487500.0, 0.001], [6487211.0, 0.08], [6487040.0, 0.000252], [6486900.0, 0.003], [6486251.0, 0.0002], [6485921.0, 0.005], [6485920.0, 0.000252], [6485840.0, 0.08707449], [6485492.0, 0.051], [6485001.0, 0.0002], [6484800.0, 0.000252], [6484513.0, 0.01], [6484069.0, 0.00917889], [6484066.0, 0.00918617], [6484063.0, 0.00918153], [6484058.0, 0.00918474]], "timestamp": 1618027022.001984}
{"asks": [[6490291.0, 0.01287514], [6492655.0, 0.00520882], [6492660.0, 0.05], [6493460.0, 0.00308121], [6493933.0, 0.01799492], [6493939.0, 0.005], [6493940.0, 0.01], [6493945.0, 0.04641562], [6493977.0, 0.12], [6494122.0, 0.0485], [6494382.0, 0.12], [6494532.0, 0.00918153], [6494787.0, 0.12], [6494880.0, 0.000252], [6495157.0, 0.08], [6495191.0, 0.12], [6495508.0, 0.0515], [6495541.0, 0.02], [6495595.0, 0.12], [6495998.0, 0.005], [6495999.0, 0.12], [6496000.0, 0.000252], [6496100.0, 0.002], [6496123.0, 0.05901565], [6496410.0, 0.001], [6496582.0, 0.0816], [6496682.0, 0.001], [6496834.0, 0.0515], [6497120.0, 0.000252], [6497198.0, 0.0025], [6497498.0, 0.005], [6497499.0, 0.0001], [6497745.0, 0.001], [6497753.0, 0.00917889], [6497756.0, 0.00918617], [6497759.0, 0.00918474], [6497761.0, 0.0091864], [6497768.0, 0.00918611], [6497774.0, 0.004], [6497777.0, 0.2]], "bids": [[6489799.0, 0.005], [6489798.0, 0.0495], [6489393.0, 0.12], [6489280.0, 0.000252], [6488990.0, 0.0088], [6488989.0, 0.12], [6488841.0, 0.01476562], [6488594.0, 0.24776177], [6488519.0, 0.005], [6488518.0, 0.2], [6488163.0, 0.082], [6488160.0, 0.000252], [6487566.0, 0.10505621], [6487501.0, 0.1202], [6487500.0, 0.001], [6487391.0, 0.01], [6487211.0, 0.08], [6487053.0, 0.04892475], [6487040.0, 0.120252], [6486944.0, 0.001], [6486792.0, 0.0515], [6486673.0, 0.001], [6486252.0, 0.125], [6486251.0, 0.0002], [6485920.0, 0.000252], [6485544.0, 0.001], [6485536.0, 0.00917889], [6485533.0, 0.00918617], [6485530.0, 0.00918153], [6485525.0, 0.001], [6485524.0, 0.00918474], [6485522.0, 0.0091864], [6485517.0, 0.00918611], [6485511.0, 0.5], [6485492.0, 0.051], [6485439.0, 0.0025], [6485001.0, 0.0002], [6484800.0, 0.000252], [6484259.0, 0.006], [6484033.0, 0.02]], "timestamp": 1618027027.0733023}
{"asks": [[6491122.0, 0.04672259], [6491904.0, 0.0008], [6492103.0, 0.002], [6492301.0, 0.03399854], [6492307.0, 0.01701175], [6492313.0, 0.03400374], [6492319.0, 0.001], [6492331.0, 0.007], [6492336.0, 0.00351562], [6492340.0, 0.0821], [6492357.0, 0.12], [6492398.0, 0.00308117], [6492640.0, 0.000252], [6492744.0, 0.0077], [6492745.0, 0.0505], [6492762.0, 0.12], [6493049.0, 0.0821], [6493056.0, 0.02], [6493167.0, 0.12], [6493572.0, 0.12], [6493760.0, 0.000252], [6493933.0, 0.004], [6493977.0, 0.12], [6494122.0, 0.0485], [6494382.0, 0.12], [6494880.0, 0.000252], [6495157.0, 0.08], [6495171.0, 0.05901565], [6495508.0, 0.0515], [6495750.0, 0.001], [6495755.0, 0.001], [6496000.0, 0.000252], [6496570.0, 0.001], [6496572.0, 0.00918611], [6496578.0, 0.00917889], [6496581.0, 0.5], [6496582.0, 0.0816], [6496834.0, 0.0515], [6497120.0, 0.000252], [6497499.0, 0.0001]], "bids": [[6488713.0, 0.1102], [6488310.0, 0.0077], [6488309.0, 0.12], [6488160.0, 0.000252], [6487905.0, 0.12], [6487661.0, 0.01], [6487501.0, 0.1202], [6487500.0, 0.001], [6487234.0, 0.01476562], [6487121.0, 0.0792], [6487040.0, 0.120252], [6486763.0, 0.0821], [6486269.0, 0.04892475], [6486252.0, 0.12], [6486251.0, 0.0002], [6486022.0, 0.005], [6486021.0, 0.22648397], [6486019.0, 0.001], [6486014.0, 0.001], [6485920.0, 0.000252], [6485662.0, 0.00918153], [6485657.0, 0.0091864], [6485652.0, 0.0776], [6485557.0, 0.00918474], [6485492.0, 0.051], [6485439.0, 0.0025], [6485004.0, 0.00918617], [6485001.0, 0.0002], [6484849.0, 0.01], [6484803.0, 0.00917889], [6484800.0, 0.000252], [6484669.0, 0.002], [6484268.0, 0.001], [6484260.0, 0.005], [6484259.0, 0.006], [6484015.0, 0.00918611], [6484009.0, 0.051], [6483941.0, 0.0655], [6483751.0, 0.0002], [6483680.0, 0.000252]], "timestamp": 1618027032.057025}
{"asks": [[6489816.0, 0.03], [6489820.0, 0.015], [6490400.0, 0.000252], [6490577.0, 0.01280182], [6490614.0, 0.002], [6490732.0, 0.0187], [6490733.0, 0.12], [6491063.0, 0.0776], [6491139.0, 0.12], [6491382.0, 0.005], [6491384.0, 0.0495], [6491520.0, 0.000252], [6491545.0, 0.12], [6491801.0, 0.02], [6491951.0, 0.12], [6492300.0, 0.001], [6492331.0, 0.011], [6492357.0, 0.12], [6492398.0, 0.0776], [6492455.0, 0.00308168], [6492640.0, 0.000252], [6492745.0, 0.0505], [6492762.0, 0.12], [6493415.0, 0.001], [6493456.0, 0.001], [6493588.0, 0.04892475], [6493760.0, 0.000252], [6493832.0, 0.005], [6493833.0, 0.0816], [6494122.0, 0.0485], [6494463.0, 0.05843134], [6494880.0, 0.000252], [6495157.0, 0.08], [6495693.0, 0.00918153], [6495698.0, 0.001], [6495699.0, 0.00918474], [6495706.0, 0.001], [6495708.0, 0.00918611], [6495714.0, 0.00917889], [6495717.0, 0.00918617]], "bids": [[6486658.0, 0.0528], [6486657.0, 0.21727246], [6486251.0, 0.0002], [6485920.0, 0.000252], [6485662.0, 0.12], [6485652.0, 0.0776], [6485588.0, 0.10505621], [6485464.0, 0.0587862], [6485257.0, 0.0655], [6485005.0, 0.12], [6485001.0, 0.0002], [6484800.0, 0.000252], [6484046.0, 0.00918153], [6484041.0, 0.001], [6484040.0, 0.00918474], [6484033.0, 0.00918611], [6484027.0, 0.12], [6484026.0, 0.00917889], [6484009.0, 0.051], [6483942.0, 0.5], [6483751.0, 0.0002], [6483724.0, 0.001], [6483683.0, 0.001], [6483680.0, 0.000252], [6483619.0, 0.12], [6483542.0, 0.002], [6483172.0, 0.1225], [6483113.0, 0.00918617], [6483110.0, 0.1], [6483076.0, 0.0784], [6482813.0, 0.00436757], [6482591.0, 0.01], [6482560.0, 0.000252], [6482501.0, 0.0002], [6482286.0, 0.006], [6482039.0, 0.02], [6481936.0, 0.01990897], [6481884.0, 0.00105328], [6481440.0, 0.000252], [6481404.0, 0.001]], "timestamp": 1618027037.0153546}
{"asks": [[6490135.0, 0.03], [6490140.0, 0.01280182], [6490400.0, 0.000252], [6490732.0, 0.0253], [6490733.0, 0.12], [6491063.0, 0.0816], [6491138.0, 0.015], [6491139.0, 0.12], [6491219.0, 0.002], [6491384.0, 0.0495], [6491520.0, 0.000252], [6491545.0, 0.12], [6491951.0, 0.12], [6492300.0, 0.001], [6492357.0, 0.12], [6492398.0, 0.0776], [6492640.0, 0.000252], [6492745.0, 0.0505], [6492762.0, 0.12], [6492920.0, 0.005], [6492921.0, 0.00308157], [6492922.0, 0.02], [6493760.0, 0.000252], [6493833.0, 0.0816], [6494122.0, 0.0485], [6494388.0, 0.001], [6494741.0, 0.005], [6494742.0, 0.0025], [6494880.0, 0.000252], [6494977.0, 0.04892475], [6494999.0, 0.0002], [6495157.0, 0.08], [6495675.0, 0.00918474], [6495893.0, 0.00918617], [6495896.0, 0.0091864], [6495901.0, 0.001], [6495904.0, 0.00918153], [6495909.0, 0.00918611], [6495915.0, 0.05843134], [6496000.0, 0.000252]], "bids": [[6486666.0, 0.001], [6486665.0, 0.00918474], [6486658.0, 0.0726], [6486657.0, 0.12], [6486623.0, 0.0828], [6486251.0, 0.0002], [6485950.0, 0.10505621], [6485920.0, 0.000252], [6485684.0, 0.001], [6485676.0, 0.01836506], [6485673.0, 0.0091864], [6485668.0, 0.00918153], [6485663.0, 0.33203838], [6485662.0, 0.12], [6485652.0, 0.0776], [6485464.0, 0.0495], [6485257.0, 0.0655], [6485016.0, 0.0092862], [6485005.0, 0.12], [6485001.0, 0.0002], [6484800.0, 0.000252], [6484660.0, 0.001], [6484656.0, 0.001], [6484064.0, 0.00918611], [6484058.0, 0.5], [6484027.0, 0.12], [6484009.0, 0.051], [6483917.0, 0.002], [6483751.0, 0.0002], [6483680.0, 0.000252], [6483619.0, 0.12], [6483172.0, 0.12], [6483110.0, 0.1], [6483076.0, 0.0784], [6482813.0, 0.00436757], [6482591.0, 0.01], [6482560.0, 0.000252], [6482501.0, 0.0002], [6481936.0, 0.01990897], [6481884.0, 0.00105328]], "timestamp": 1618027042.0128663}
{"asks": [[6488749.0, 0.0002], [6489805.0, 0.0297], [6489817.0, 0.02], [6489921.0, 0.12], [6489999.0, 0.0002], [6490106.0, 0.015], [6490107.0, 0.002], [6490326.0, 0.0264], [6490327.0, 0.12], [6490400.0, 0.000252], [6490733.0, 0.12], [6491063.0, 0.0816], [6491139.0, 0.12], [6491249.0, 0.0002], [6491384.0, 0.0495], [6491474.0, 0.01280182], [6491520.0, 0.000252], [6491545.0, 0.12], [6491814.0, 0.0806], [6491825.0, 0.00308164], [6491839.0, 0.02], [6491950.0, 0.005], [6491951.0, 0.12], [6492300.0, 0.001], [6492398.0, 0.0776], [6492499.0, 0.0002], [6492640.0, 0.000252], [6492745.0, 0.0505], [6493375.0, 0.001], [6493437.0, 0.001], [6493748.0, 0.005], [6493749.0, 0.0002], [6493760.0, 0.000252], [6493833.0, 0.0816], [6493983.0, 0.04892475], [6494122.0, 0.0485], [6494697.0, 0.0025], [6494880.0, 0.000252], [6494938.0, 0.0091864], [6494943.0, 0.05843134]], "bids": [[6486351.0, 0.0092862], [6486251.0, 0.0002], [6486079.0, 0.0091864], [6486076.0, 0.001], [6486074.0, 0.00918153], [6486070.0, 0.0517], [6486069.0, 0.011], [6486068.0, 0.12], [6485920.0, 0.000252], [6485834.0, 0.0806], [6485662.0, 0.12], [6485652.0, 0.0776], [6485287.0, 0.10505621], [6485258.0, 0.24442139], [6485257.0, 0.0655], [6485005.0, 0.12], [6485001.0, 0.0002], [6484800.0, 0.000252], [6484088.0, 0.001], [6484080.0, 0.01836506], [6484077.0, 0.00918474], [6484070.0, 0.00918611], [6484065.0, 0.5], [6484064.0, 0.09727246], [6484027.0, 0.12], [6484009.0, 0.051], [6483751.0, 0.0002], [6483706.0, 0.001], [6483680.0, 0.000252], [6483644.0, 0.001], [6483619.0, 0.12], [6483172.0, 0.12], [6483110.0, 0.1], [6483076.0, 0.0784], [6483034.0, 0.01], [6482813.0, 0.00436757], [6482683.0, 0.375], [6482660.0, 0.002], [6482560.0, 0.000252], [6482501.0, 0.0002]], "timestamp": 1618027047.027921}
{"asks": [[6489796.0, 0.005], [6489806.0, 0.01990923], [6489811.0, 0.02], [6489920.0, 0.015], [6489921.0, 0.12], [6489999.0, 0.0002], [6490218.0, 0.0066], [6490327.0, 0.12], [6490400.0, 0.000252], [6490437.0, 0.002], [6490733.0, 0.12], [6490846.0, 0.0485], [6491063.0, 0.0816], [6491139.0, 0.12], [6491244.0, 0.0808], [6491249.0, 0.0002], [6491384.0, 0.0495], [6491463.0, 0.01280182], [6491520.0, 0.000252], [6491545.0, 0.12], [6491813.0, 0.005], [6491814.0, 0.0806], [6491839.0, 0.02], [6491951.0, 0.12], [6492300.0, 0.001], [6492345.0, 0.00308165], [6492398.0, 0.0776], [6492499.0, 0.0002], [6492640.0, 0.000252], [6492745.0, 0.0505], [6492951.0, 0.1241], [6493436.0, 0.005], [6493482.0, 0.001], [6493511.0, 0.001], [6493749.0, 0.0002], [6493760.0, 0.000252], [6493833.0, 0.0816], [6493983.0, 0.04892475], [6494122.0, 0.0485], [6494474.0, 0.0025]], "bids": [[6486549.0, 0.0363], [6486548.0, 0.0485], [6486337.0, 0.0092862], [6486251.0, 0.0002], [6486106.0, 0.001], [6486098.0, 0.00918474], [6486091.0, 0.00918153], [6486069.0, 0.011], [6486068.0, 0.12], [6485920.0, 0.000252], [6485834.0, 0.0806], [6485662.0, 0.12], [6485652.0, 0.0776], [6485432.0, 0.051], [6485288.0, 0.24087297], [6485257.0, 0.0655], [6485215.0, 0.0806], [6485005.0, 0.12], [6485001.0, 0.0002], [6484800.0, 0.000252], [6484104.0, 0.001], [6484102.0, 0.00918611], [6484096.0, 0.01836506], [6484093.0, 0.0091864], [6484065.0, 0.5], [6484064.0, 0.09727246], [6484027.0, 0.12], [6484009.0, 0.051], [6483780.0, 0.001], [6483752.0, 0.001], [6483751.0, 0.0002], [6483680.0, 0.000252], [6483619.0, 0.12], [6483172.0, 0.12], [6483110.0, 0.1], [6483076.0, 0.0784], [6482863.0, 0.002], [6482813.0, 0.00436757], [6482683.0, 0.375], [6482627.0, 0.01]], "timestamp": 1618027052.0974276}
{"asks": [[6490400.0, 0.000252], [6490427.0, 0.005], [6491038.0, 0.002], [6491246.0, 0.081], [6491249.0, 0.0002], [6491520.0, 0.000252], [6491545.0, 0.12], [6491951.0, 0.12], [6492216.0, 0.01280182], [6492398.0, 0.1976], [6492499.0, 0.0002], [6492547.0, 0.02], [6492640.0, 0.000252], [6492745.0, 0.0505], [6492762.0, 0.00308119], [6492939.0, 0.005], [6492951.0, 0.2441], [6493482.0, 0.12], [6493672.0, 0.001], [6493719.0, 0.001], [6493749.0, 0.0002], [6493760.0, 0.000252], [6493833.0, 0.0816], [6493983.0, 0.12], [6494122.0, 0.0485], [6494798.0, 0.005], [6494799.0, 0.001], [6494801.0, 0.00918153], [6494807.0, 0.00918474], [6494808.0, 0.00918611], [6494815.0, 0.04892475], [6494861.0, 0.001], [6494869.0, 0.00917889], [6494880.0, 0.000252], [6494999.0, 0.0002], [6495157.0, 0.08], [6495504.0, 0.00918617], [6495507.0, 0.0091864], [6495512.0, 0.05843134], [6496000.0, 0.000252]], "bids": [[6487219.0, 0.01], [6487218.0, 0.05062331], [6487085.0, 0.0092862], [6486881.0, 0.0352], [6486880.0, 0.12], [6486484.0, 0.0091864], [6486479.0, 0.03918153], [6486474.0, 0.12], [6486367.0, 0.10505621], [6486251.0, 0.0002], [6486107.0, 0.23746224], [6486106.0, 0.001], [6486082.0, 0.00917889], [6486068.0, 0.12], [6486023.0, 0.001], [6485920.0, 0.000252], [6485662.0, 0.12], [6485652.0, 0.0776], [6485432.0, 0.051], [6485257.0, 0.0655], [6485005.0, 0.12], [6485001.0, 0.0002], [6484800.0, 0.000252], [6484697.0, 0.01], [6484071.0, 0.00918611], [6484065.0, 0.5], [6484064.0, 0.09727246], [6484027.0, 0.12], [6484009.0, 0.051], [6483988.0, 0.001], [6483941.0, 0.001], [6483807.0, 0.0025], [6483752.0, 0.04601848], [6483751.0, 0.0002], [6483680.0, 0.000252], [6483553.0, 0.002], [6483111.0, 0.375], [6483110.0, 0.1], [6483076.0, 0.0784], [6483000.0, 0.006]], "timestamp": 1618027057.0397308}
{"asks": [[6487660.0, 0.01], [6488556.0, 0.015], [6488559.0, 0.01], [6488840.0, 0.002], [6489416.0, 0.08], [6489515.0, 0.12], [6489753.0, 0.0091864], [6489758.0, 0.00918153], [6489764.0, 0.97044712], [6489805.0, 0.0505], [6489906.0, 0.00308181], [6489921.0, 0.12], [6489936.0, 0.02], [6490325.0, 0.005], [6490327.0, 0.12], [6490398.0, 0.01280182], [6490400.0, 0.000252], [6490733.0, 0.12], [6491016.0, 0.001], [6491059.0, 0.0808], [6491139.0, 0.12], [6491249.0, 0.0002], [6491289.0, 0.049], [6491520.0, 0.000252], [6491526.0, 0.001], [6491545.0, 0.12], [6491677.0, 0.04892475], [6491949.0, 0.005], [6492398.0, 0.0776], [6492499.0, 0.0002], [6492640.0, 0.000252], [6492643.0, 0.05843134], [6492745.0, 0.0505], [6493749.0, 0.0002], [6493760.0, 0.000252], [6493815.0, 0.001], [6493818.0, 0.001], [6493820.0, 0.00917889], [6493823.0, 0.00918617], [6493826.0, 0.00918474]], "bids": [[6486492.0, 0.001], [6486251.0, 0.0002], [6486114.0, 0.00918474], [6486023.0, 0.001], [6485920.0, 0.000252], [6485663.0, 0.0055], [6485662.0, 0.12], [6485467.0, 0.03], [6485463.0, 0.0055], [6485462.0, 0.10505621], [6485267.0, 0.0092862], [6485257.0, 0.0655], [6485005.0, 0.12], [6485001.0, 0.0002], [6484800.0, 0.000252], [6484093.0, 0.0091864], [6484088.0, 0.00918153], [6484083.0, 0.00918611], [6484064.0, 0.09727246], [6484027.0, 0.12], [6484009.0, 0.051], [6483838.0, 0.01], [6483751.0, 0.0002], [6483680.0, 0.000252], [6483114.0, 0.12], [6483110.0, 0.1], [6483076.0, 0.0784], [6482927.0, 0.0025], [6482813.0, 0.00436757], [6482706.0, 0.12], [6482560.0, 0.000252], [6482501.0, 0.0002], [6482011.0, 0.002], [6481948.0, 0.001], [6481943.0, 0.00917889], [6481940.0, 0.00918617], [6481937.0, 0.375], [6481936.0, 0.13990897], [6481798.0, 0.001], [6481440.0, 0.000252]], "timestamp": 1618027062.172}
{"asks": [[6488433.0, 0.002], [6488749.0, 0.0002], [6488838.0, 0.015], [6488839.0, 0.03], [6488844.0, 0.01280182], [6489386.0, 0.00919493], [6489393.0, 0.0091864], [6489398.0, 0.00918153], [6489400.0, 0.001], [6489415.0, 0.0374], [6489416.0, 0.08], [6489515.0, 0.12], [6489764.0, 0.97044712], [6489805.0, 0.0505], [6489906.0, 0.00308181], [6489921.0, 0.12], [6489936.0, 0.02], [6489999.0, 0.0002], [6490327.0, 0.12], [6490400.0, 0.000252], [6490732.0, 0.005], [6490733.0, 0.12], [6491059.0, 0.0808], [6491139.0, 0.12], [6491249.0, 0.0002], [6491289.0, 0.049], [6491364.0, 0.001], [6491376.0, 0.001], [6491520.0, 0.000252], [6491545.0, 0.12], [6491677.0, 0.04892475], [6492396.0, 0.005], [6492398.0, 0.0776], [6492499.0, 0.0002], [6492640.0, 0.000252], [6492643.0, 0.05843134], [6492745.0, 0.0505], [6493499.0, 0.0025], [6493718.0, 0.5], [6493719.0, 0.47110055]], "bids": [[6486365.0, 0.01], [6486023.0, 0.001], [6485920.0, 0.000252], [6485663.0, 0.0077], [6485662.0, 0.12], [6485257.0, 0.0655], [6485006.0, 0.0209], [6485005.0, 0.12], [6485001.0, 0.0002], [6484800.0, 0.000252], [6484419.0, 0.0792], [6484064.0, 0.09727246], [6484027.0, 0.12], [6484009.0, 0.051], [6483868.0, 0.10505621], [6483751.0, 0.0002], [6483708.0, 0.0092862], [6483680.0, 0.000252], [6483153.0, 0.00919493], [6483151.0, 0.001], [6483146.0, 0.00917889], [6483143.0, 0.00918617], [6483140.0, 0.0091864], [6483135.0, 0.00918153], [6483130.0, 0.001], [6483128.0, 0.00918611], [6483115.0, 0.22597785], [6483114.0, 0.12], [6483110.0, 0.1], [6483076.0, 0.0784], [6482813.0, 0.00436757], [6482706.0, 0.12], [6482560.0, 0.000252], [6482501.0, 0.0002], [6482056.0, 0.01], [6481938.0, 0.5], [6481937.0, 0.375], [6481936.0, 0.13990897], [6481821.0, 0.002], [6481649.0, 0.001]], "timestamp": 1618027067.0569868}
{"asks": [[6488268.0, 0.01], [6488694.0, 0.001], [6488749.0, 0.0002], [6489120.0, 0.01280182], [6489829.0, 0.066], [6489830.0, 0.02], [6489999.0, 0.0002], [6490327.0, 0.12], [6490400.0, 0.000252], [6490954.0, 0.00308179], [6491059.0, 0.2008], [6491140.0, 0.001], [6491249.0, 0.0002], [6491520.0, 0.120252], [6492178.0, 0.00918153], [6492183.0, 0.00918611], [6492189.0, 0.13319493], [6492300.0, 0.001], [6492332.0, 0.04892475], [6492398.0, 0.0776], [6492443.0, 0.001], [6492499.0, 0.0002], [6492640.0, 0.120252], [6492745.0, 0.0505], [6493251.0, 0.1225], [6493256.0, 0.05843134], [6493463.0, 0.003], [6493464.0, 0.46098187], [6493483.0, 0.001], [6493488.0, 0.00917889], [6493491.0, 0.00918617], [6493717.0, 0.18495396], [6493749.0, 0.0002], [6493760.0, 0.000252], [6493833.0, 0.0816], [6494085.0, 0.8319], [6494880.0, 0.000252], [6494965.0, 0.02], [6494999.0, 0.0002], [6495272.0, 0.001]], "bids": [[6486802.0, 0.0103], [6486152.0, 0.051], [6486024.0, 0.01], [6486023.0, 0.001], [6485920.0, 0.000252], [6485257.0, 0.0655], [6485005.0, 0.12], [6485001.0, 0.0002], [6484800.0, 0.000252], [6484607.0, 0.048], [6484549.0, 0.0816], [6484029.0, 0.005], [6484028.0, 0.0374], [6484027.0, 0.12], [6483980.0, 0.0092862], [6483751.0, 0.0002], [6483680.0, 0.000252], [6483336.0, 0.00918153], [6483331.0, 0.00919493], [6483307.0, 0.0495], [6483191.0, 0.10505621], [6483167.0, 0.00918611], [6483161.0, 0.001], [6483153.0, 0.09727246], [6483114.0, 0.12], [6483076.0, 0.0784], [6482813.0, 0.00436757], [6482714.0, 0.001], [6482706.0, 0.12], [6482676.0, 0.005], [6482560.0, 0.000252], [6482501.0, 0.0002], [6482057.0, 0.23414762], [6482003.0, 0.01], [6481959.0, 0.001], [6481954.0, 0.00917889], [6481951.0, 0.00918617], [6481948.0, 0.0091864], [6481936.0, 0.12], [6481904.0, 0.051]], "timestamp": 1618027072.0141494}
{"asks": [[6489078.0, 0.005], [6489088.0, 0.00420182], [6489127.0, 0.01701175], [6489925.0, 0.066], [6489926.0, 0.02], [6489999.0, 0.0002], [6490249.0, 0.12], [6490400.0, 0.000252], [6490552.0, 0.00308177], [6490638.0, 0.001], [6490646.0, 0.01319493], [6490654.0, 0.12], [6490721.0, 0.0784], [6490979.0, 0.00516967], [6491059.0, 0.12], [6491202.0, 0.04892475], [6491249.0, 0.0002], [6491429.0, 0.0495], [6491448.0, 0.002], [6491518.0, 0.001], [6491520.0, 0.120252], [6492102.0, 0.05843134], [6492189.0, 0.12], [6492300.0, 0.001], [6492398.0, 0.0776], [6492479.0, 0.001], [6492499.0, 0.0002], [6492640.0, 0.120252], [6492745.0, 0.0505], [6493450.0, 0.00918153], [6493455.0, 0.00918611], [6493641.0, 0.0025], [6493749.0, 0.0002], [6493760.0, 0.000252], [6493828.0, 0.0091864], [6493833.0, 0.0816], [6494076.0, 0.001], [6494078.0, 0.00917889], [6494081.0, 0.00918617], [6494084.0, 0.5]], "bids": [[6486023.0, 0.001], [6485921.0, 0.01], [6485920.0, 0.000252], [6485841.0, 0.0055], [6485840.0, 0.01445587], [6485815.0, 0.12], [6485410.0, 0.12], [6485257.0, 0.0655], [6485233.0, 0.002], [6485006.0, 0.0121], [6485005.0, 0.12], [6485001.0, 0.0002], [6484800.0, 0.000252], [6484607.0, 0.048], [6484549.0, 0.0816], [6484028.0, 0.005], [6484027.0, 0.12], [6483751.0, 0.0002], [6483680.0, 0.000252], [6483382.0, 0.001], [6483380.0, 0.00917889], [6483377.0, 0.00918617], [6483374.0, 0.0091864], [6483369.0, 0.00918153], [6483364.0, 0.001], [6483362.0, 0.00918611], [6483357.0, 0.24444033], [6483356.0, 0.10646739], [6483307.0, 0.0495], [6483114.0, 0.12], [6483076.0, 0.0784], [6482813.0, 0.00436757], [6482750.0, 0.001], [6482706.0, 0.12], [6482560.0, 0.000252], [6482501.0, 0.0002], [6482004.0, 0.005], [6482003.0, 0.01], [6481905.0, 0.375], [6481904.0, 0.051]], "timestamp": 1618027077.0133986}
{"asks": [[6489088.0, 0.00420182], [6489999.0, 0.0002], [6490000.0, 0.001], [6490400.0, 0.000252], [6490418.0, 0.01701175], [6490424.0, 0.05300736], [6490430.0, 0.00516967], [6490653.0, 0.066], [6490654.0, 0.12], [6491039.0, 0.02], [6491059.0, 0.12], [6491071.0, 0.0496], [6491098.0, 0.00308161], [6491236.0, 0.048], [6491249.0, 0.0002], [6491370.0, 0.005], [6491520.0, 0.120252], [6491698.0, 0.0827], [6492189.0, 0.12], [6492398.0, 0.0776], [6492445.0, 0.002], [6492499.0, 0.0002], [6492640.0, 0.120252], [6492745.0, 0.0505], [6493318.0, 0.001], [6493342.0, 0.001], [6493450.0, 0.124], [6493749.0, 0.0002], [6493760.0, 0.000252], [6493833.0, 0.0816], [6494336.0, 0.0025], [6494817.0, 0.001], [6494819.0, 0.00917889], [6494822.0, 0.00918617], [6494825.0, 0.0091864], [6494830.0, 0.00918153], [6494835.0, 0.001], [6494837.0, 0.00918611], [6494843.0, 0.00919493], [6494850.0, 0.47356266]], "bids": [[6487501.0, 0.0002], [6487500.0, 0.001], [6486984.0, 0.01579818], [6486983.0, 0.0018], [6486372.0, 0.01], [6486371.0, 0.002], [6486251.0, 0.0002], [6486029.0, 0.0091864], [6486023.0, 0.001], [6486008.0, 0.00918153], [6486003.0, 0.066], [6486002.0, 0.0827], [6485993.0, 0.08], [6485920.0, 0.000252], [6485816.0, 0.0121], [6485815.0, 0.12], [6485410.0, 0.12], [6485291.0, 0.01445587], [6485257.0, 0.0655], [6485007.0, 0.23438197], [6485005.0, 0.12], [6485001.0, 0.0002], [6484800.0, 0.000252], [6484640.0, 0.005], [6484637.0, 0.10505621], [6484607.0, 0.048], [6484549.0, 0.0816], [6484036.0, 0.001], [6484034.0, 0.00917889], [6484031.0, 0.00918617], [6484028.0, 0.59727246], [6484027.0, 0.12], [6483751.0, 0.0002], [6483680.0, 0.000252], [6483611.0, 0.001], [6483588.0, 0.001], [6483397.0, 0.001], [6483395.0, 0.00918611], [6483389.0, 0.00919493], [6483307.0, 0.0495]], "timestamp": 1618027082.0663774}
{"asks": [[6488896.0, 0.0098], [6489082.0, 0.001], [6489088.0, 0.00320182], [6489656.0, 0.002], [6489999.0, 0.0002], [6490000.0, 0.001], [6490011.0, 0.00308165], [6490400.0, 0.000252], [6490407.0, 0.00919493], [6490421.0, 0.066], [6490422.0, 0.02], [6490654.0, 0.12], [6491023.0, 0.0768], [6491059.0, 0.12], [6491236.0, 0.048], [6491249.0, 0.0002], [6491293.0, 0.00516967], [6491520.0, 0.120252], [6491768.0, 0.04892475], [6492189.0, 0.12], [6492222.0, 0.001], [6492225.0, 0.001], [6492398.0, 0.0776], [6492499.0, 0.0002], [6492640.0, 0.120252], [6492674.0, 0.05843134], [6492745.0, 0.0505], [6493450.0, 0.124], [6493749.0, 0.0002], [6493760.0, 0.000252], [6493833.0, 0.0816], [6494290.0, 0.001], [6494292.0, 0.00918611], [6494293.0, 0.001], [6494298.0, 0.00917889], [6494301.0, 0.0091864], [6494306.0, 0.47548929], [6494336.0, 0.0025], [6494796.0, 0.5], [6494797.0, 0.00918153]], "bids": [[6487501.0, 0.0002], [6487500.0, 0.001], [6486983.0, 0.0018], [6486251.0, 0.0002], [6486152.0, 0.0495], [6486151.0, 0.01445587], [6486034.0, 0.00918153], [6486023.0, 0.001], [6485920.0, 0.000252], [6485816.0, 0.0121], [6485815.0, 0.12], [6485419.0, 0.01], [6485418.0, 0.00917889], [6485415.0, 0.0091864], [6485410.0, 0.12], [6485409.0, 0.002], [6485257.0, 0.0655], [6485017.0, 0.00919493], [6485010.0, 0.00918617], [6485005.0, 0.12], [6485001.0, 0.0002], [6484800.0, 0.000252], [6484607.0, 0.048], [6484549.0, 0.0816], [6484081.0, 0.001], [6484073.0, 0.10505621], [6484028.0, 0.09727246], [6484027.0, 0.12], [6483752.0, 0.005], [6483751.0, 0.0002], [6483680.0, 0.000252], [6483307.0, 0.0495], [6483122.0, 0.001], [6483120.0, 0.00918611], [6483114.0, 0.12], [6483077.0, 0.5], [6483076.0, 0.0784], [6483064.0, 0.01], [6482813.0, 0.00436757], [6482706.0, 0.12]], "timestamp": 1618027087.0070145}
{"asks": [[6490174.0, 0.04341585], [6490179.0, 0.0264], [6490197.0, 0.02], [6490198.0, 0.00308163], [6490249.0, 0.12], [6490400.0, 0.000252], [6490498.0, 0.00516967], [6490654.0, 0.12], [6491023.0, 0.0768], [6491059.0, 0.12], [6491249.0, 0.0002], [6491520.0, 0.120252], [6492189.0, 0.12], [6492398.0, 0.0776], [6492499.0, 0.0002], [6492611.0, 0.001], [6492632.0, 0.001], [6492640.0, 0.120252], [6492745.0, 0.0505], [6493450.0, 0.004], [6493749.0, 0.0002], [6493760.0, 0.000252], [6493790.0, 0.00918153], [6493795.0, 0.001], [6493797.0, 0.00918611], [6493803.0, 0.49970993], [6493833.0, 0.0816], [6494175.0, 0.0025], [6494265.0, 0.00919493], [6494272.0, 0.001], [6494274.0, 0.00917889], [6494277.0, 0.00918617], [6494280.0, 0.0091864], [6494363.0, 0.5], [6494364.0, 0.8319], [6494795.0, 0.18495396], [6494796.0, 0.5], [6494880.0, 0.000252], [6494999.0, 0.0002], [6495482.0, 0.02]], "bids": [[6487501.0, 0.0002], [6487500.0, 0.002], [6486983.0, 0.0018], [6486251.0, 0.0002], [6486023.0, 0.001], [6485931.0, 0.066], [6485930.0, 0.0784], [6485926.0, 0.002], [6485920.0, 0.000252], [6485819.0, 0.01], [6485816.0, 0.0132], [6485815.0, 0.12], [6485428.0, 0.00918153], [6485423.0, 0.0091864], [6485410.0, 0.12], [6485355.0, 0.01445587], [6485257.0, 0.0655], [6485005.0, 0.12], [6485001.0, 0.0002], [6484896.0, 0.0831], [6484800.0, 0.000252], [6484607.0, 0.048], [6484549.0, 0.0816], [6484119.0, 0.001], [6484111.0, 0.10505621], [6484082.0, 0.005], [6484081.0, 0.00918617], [6484028.0, 0.09727246], [6484027.0, 0.12], [6483751.0, 0.0002], [6483680.0, 0.000252], [6483325.0, 0.00918611], [6483319.0, 0.00919493], [6483317.0, 0.001], [6483312.0, 0.00917889], [6483309.0, 0.23345571], [6483307.0, 0.0495], [6483114.0, 0.12], [6483076.0, 0.0784], [6482911.0, 0.01]], "timestamp": 1618027092.01}
{"asks": [[6489387.0, 0.0031], [6490402.0, 0.001], [6490407.0, 0.066], [6490408.0, 0.02], [6490661.0, 0.0499], [6490710.0, 0.12], [6491115.0, 0.12], [6491249.0, 0.0002], [6491335.0, 0.0831], [6491449.0, 0.00308158], [6491520.0, 0.120252], [6491958.0, 0.0831], [6492027.0, 0.002], [6492187.0, 0.0485], [6492189.0, 0.12], [6492398.0, 0.0776], [6492459.0, 0.04892475], [6492499.0, 0.0002], [6492640.0, 0.120252], [6493300.0, 0.001], [6493303.0, 0.00918153], [6493330.0, 0.05785281], [6493437.0, 0.00918611], [6493443.0, 0.00919493], [6493450.0, 0.124], [6493604.0, 0.05], [6493679.0, 0.001], [6493749.0, 0.0002], [6493760.0, 0.000252], [6493833.0, 0.0816], [6493905.0, 0.001], [6494850.0, 0.45472014], [6494880.0, 0.000252], [6494978.0, 0.0025], [6494999.0, 0.0002], [6495988.0, 0.00917889], [6495991.0, 0.01018617], [6495994.0, 0.0091864], [6495998.0, 0.503], [6495999.0, 0.8319]], "bids": [[6487796.0, 0.0055], [6487679.0, 0.005], [6487527.0, 0.03], [6487522.0, 0.01499507], [6487501.0, 0.0002], [6487500.0, 0.002], [6487040.0, 0.000252], [6487030.0, 0.12], [6486983.0, 0.0018], [6486970.0, 0.0499], [6486915.0, 0.002], [6486900.0, 0.003], [6486625.0, 0.12], [6486251.0, 0.0002], [6486236.0, 0.01836506], [6486233.0, 0.0091864], [6486228.0, 0.001], [6486226.0, 0.00918153], [6486221.0, 0.0561], [6486220.0, 0.12], [6486126.0, 0.0831], [6486024.0, 0.01], [6486023.0, 0.001], [6485954.0, 0.0485], [6485930.0, 0.0784], [6485920.0, 0.000252], [6485815.0, 0.12], [6485410.0, 0.12], [6485287.0, 0.10505621], [6485257.0, 0.0655], [6485062.0, 0.0831], [6485014.0, 0.001], [6485006.0, 0.23509763], [6485001.0, 0.1202], [6484800.0, 0.000252], [6484607.0, 0.048], [6484549.0, 0.0816], [6484172.0, 0.001], [6484135.0, 0.005], [6484134.0, 0.00918611]], "timestamp": 1618027097.1588671}
{"asks": [[6489387.0, 0.0031], [6491114.0, 0.066], [6491115.0, 0.12], [6491249.0, 0.0002], [6491520.0, 0.120252], [6491631.0, 0.005], [6491916.0, 0.00308144], [6491924.0, 0.02], [6491958.0, 0.0831], [6492182.0, 0.00919493], [6492189.0, 0.12], [6492398.0, 0.0776], [6492459.0, 0.04892475], [6492499.0, 0.0002], [6492640.0, 0.120252], [6492777.0, 0.1245], [6493231.0, 0.002], [6493330.0, 0.05785281], [6493450.0, 0.124], [6493604.0, 0.05], [6493749.0, 0.0002], [6493760.0, 0.000252], [6493833.0, 0.0816], [6494182.0, 0.12], [6494396.0, 0.001], [6494519.0, 0.001], [6494833.0, 0.0091864], [6494835.0, 0.001], [6494838.0, 0.00918153], [6494880.0, 0.000252], [6494999.0, 0.0002], [6495065.0, 0.0025], [6495974.0, 0.001], [6495976.0, 0.00917889], [6495979.0, 0.00918617], [6495982.0, 0.00918611], [6495998.0, 0.5], [6495999.0, 0.8319], [6496000.0, 0.000252], [6496249.0, 0.0001]], "bids": [[6488751.0, 0.0002], [6488622.0, 0.002], [6487525.0, 0.01], [6487501.0, 0.0002], [6487500.0, 0.002], [6487250.0, 0.01499507], [6487040.0, 0.000252], [6487030.0, 0.12], [6486983.0, 0.0018], [6486900.0, 0.003], [6486698.0, 0.00919493], [6486691.0, 0.01836506], [6486688.0, 0.0831], [6486631.0, 0.0091864], [6486626.0, 0.0341], [6486625.0, 0.12], [6486256.0, 0.00918153], [6486251.0, 0.0012], [6486249.0, 0.00918611], [6486221.0, 0.0088], [6486220.0, 0.12], [6486126.0, 0.0831], [6486023.0, 0.001], [6485954.0, 0.0485], [6485933.0, 0.005], [6485930.0, 0.0784], [6485920.0, 0.000252], [6485815.0, 0.12], [6485411.0, 0.23354687], [6485410.0, 0.12], [6485257.0, 0.0655], [6485001.0, 0.1202], [6484800.0, 0.000252], [6484786.0, 0.001], [6484662.0, 0.001], [6484607.0, 0.048], [6484549.0, 0.0816], [6484031.0, 0.005], [6484029.0, 0.5], [6484028.0, 0.09727246]], "timestamp": 1618027102.0866866}
{"asks": [[6491109.0, 0.03], [6491114.0, 0.066], [6491249.0, 0.0002], [6491520.0, 0.000252], [6491631.0, 0.005], [6491916.0, 0.00308144], [6491924.0, 0.02], [6492189.0, 0.12], [6492499.0, 0.0002], [6492640.0, 0.120252], [6493450.0, 0.12], [6493544.0, 0.002], [6493619.0, 0.04892475], [6493749.0, 0.0002], [6493760.0, 0.000252], [6493833.0, 0.0816], [6494182.0, 0.12], [6494409.0, 0.05785281], [6494615.0, 0.002], [6494880.0, 0.120252], [6494990.0, 0.0025], [6494999.0, 0.0002], [6495209.0, 0.048], [6495901.0, 0.00918153], [6495906.0, 0.121], [6495908.0, 0.00918611], [6495914.0, 0.00919493], [6495921.0, 0.02336506], [6495924.0, 0.0091864], [6495928.0, 0.003], [6495929.0, 0.5], [6495930.0, 0.47976599], [6495999.0, 0.8319], [6496000.0, 0.000252], [6496249.0, 0.0001], [6496284.0, 0.02], [6496382.0, 0.02], [6496543.0, 0.049], [6497120.0, 0.000252], [6497183.0, 0.02]], "bids": [[6489200.0, 0.00097812], [6488988.0, 0.0202], [6488987.0, 0.00493612], [6488751.0, 0.0002], [6488676.0, 0.002], [6487828.0, 0.0808], [6487681.0, 0.01], [6487501.0, 0.0002], [6487500.0, 0.002], [6487044.0, 0.001], [6487041.0, 0.00918153], [6487040.0, 0.000252], [6487036.0, 0.0091864], [6487030.0, 0.12], [6486983.0, 0.0018], [6486900.0, 0.003], [6486767.0, 0.01499507], [6486625.0, 0.12], [6486251.0, 0.0002], [6486237.0, 0.00918611], [6486231.0, 0.00919493], [6486229.0, 0.001], [6486224.0, 0.01836506], [6486221.0, 0.0088], [6486220.0, 0.12], [6486053.0, 0.10505621], [6486023.0, 0.001], [6485954.0, 0.0485], [6485935.0, 0.005], [6485930.0, 0.0784], [6485920.0, 0.000252], [6485815.0, 0.12], [6485410.0, 0.12], [6485257.0, 0.0655], [6485001.0, 0.1202], [6484881.0, 0.002], [6484800.0, 0.000252], [6484607.0, 0.048], [6484549.0, 0.0816], [6484172.0, 0.005]], "timestamp": 1618027107.0003145}
{"asks": [[6491520.0, 0.000252], [6492185.0, 0.00308103], [6492188.0, 0.0418], [6492189.0, 0.02], [6492209.0, 0.03], [6492499.0, 0.0002], [6492640.0, 0.120252], [6492760.0, 0.01], [6493450.0, 0.12], [6493487.0, 0.04892475], [6493749.0, 0.0002], [6493751.0, 0.002], [6493760.0, 0.000252], [6493833.0, 0.0816], [6493838.0, 0.0505], [6494182.0, 0.12], [6494279.0, 0.05785281], [6494880.0, 0.120252], [6494999.0, 0.0002], [6495209.0, 0.048], [6495301.0, 0.001], [6495334.0, 0.001], [6495883.0, 0.00919493], [6495890.0, 0.00917889], [6495893.0, 0.00918617], [6495906.0, 0.12], [6495921.0, 0.004], [6496000.0, 0.000252], [6496141.0, 0.0025], [6496249.0, 0.0001], [6496543.0, 0.169], [6496735.0, 0.001], [6496738.0, 0.0091864], [6496743.0, 0.0091937], [6496748.0, 0.001], [6496750.0, 0.00918611], [6496756.0, 0.5], [6496757.0, 0.0776], [6497090.0, 0.47411127], [6497120.0, 0.000252]], "bids": [[6490285.0, 0.0031], [6488989.0, 0.0102], [6488987.0, 0.002], [6488751.0, 0.0002], [6488245.0, 0.12], [6487856.0, 0.0091864], [6487851.0, 0.01], [6487849.0, 0.001], [6487846.0, 0.0091937], [6487840.0, 0.12], [6487828.0, 0.0808], [6487574.0, 0.0121], [6487573.0, 0.01499507], [6487501.0, 0.0002], [6487500.0, 0.002], [6487436.0, 0.0088], [6487435.0, 0.12], [6487088.0, 0.001], [6487080.0, 0.00918611], [6487074.0, 0.10505621], [6487061.0, 0.00919493], [6487054.0, 0.00917889], [6487040.0, 0.000252], [6487030.0, 0.12], [6486983.0, 0.0018], [6486900.0, 0.003], [6486715.0, 0.00918617], [6486625.0, 0.12], [6486254.0, 0.005], [6486251.0, 0.0002], [6486237.0, 0.09727246], [6486220.0, 0.12], [6486023.0, 0.001], [6485954.0, 0.0485], [6485930.0, 0.0784], [6485920.0, 0.000252], [6485599.0, 0.001], [6485566.0, 0.001], [6485433.0, 0.01], [6485411.0, 0.5]], "timestamp": 1618027112.0368629}
{"asks": [[6491360.0, 0.01], [6491520.0, 5.2e-05], [6492175.0, 0.066], [6492235.0, 0.12], [6492406.0, 0.00308116], [6492499.0, 0.0002], [6492640.0, 0.120252], [6492866.0, 0.02], [6493076.0, 0.04892475], [6493450.0, 0.12], [6493749.0, 0.0002], [6493760.0, 0.000252], [6493813.0, 0.05785281], [6493833.0, 0.0816], [6493838.0, 0.0505], [6493970.0, 0.002], [6494182.0, 0.12], [6494880.0, 0.120252], [6494999.0, 0.0002], [6495209.0, 0.048], [6495817.0, 0.001], [6495835.0, 0.001], [6495899.0, 0.00919493], [6495906.0, 0.12], [6495921.0, 0.004], [6496000.0, 0.000252], [6496179.0, 0.45504853], [6496209.0, 0.0025], [6496249.0, 0.0001], [6496520.0, 0.0091864], [6496522.0, 0.001], [6496525.0, 0.0091937], [6496543.0, 0.049], [6496724.0, 0.001], [6496726.0, 0.00917889], [6496729.0, 0.00918617], [6496732.0, 0.00918611], [6496742.0, 0.5], [6496757.0, 0.0776], [6497120.0, 0.000252]], "bids": [[6489009.0, 0.005], [6488990.0, 0.0033], [6488988.0, 0.002], [6488757.0, 0.03], [6488752.0, 0.01], [6488751.0, 0.0002], [6488354.0, 0.0091864], [6488336.0, 0.083], [6488246.0, 0.0022], [6488245.0, 0.12], [6488160.0, 0.000252], [6487868.0, 0.001], [6487840.0, 0.12], [6487828.0, 0.0808], [6487706.0, 0.0515], [6487501.0, 0.0002], [6487500.0, 0.002], [6487435.0, 0.12], [6487353.0, 0.01499507], [6487041.0, 0.005], [6487040.0, 0.000252], [6487030.0, 0.12], [6486983.0, 0.0018], [6486900.0, 0.003], [6486665.0, 0.00919493], [6486658.0, 0.00917889], [6486655.0, 0.10505621], [6486643.0, 0.0655], [6486625.0, 0.12], [6486274.0, 0.001], [6486269.0, 0.00918617], [6486265.0, 0.10646616], [6486260.0, 0.00918611], [6486254.0, 0.2418206], [6486251.0, 0.0002], [6486220.0, 0.12], [6486100.0, 0.001], [6486081.0, 0.001], [6486023.0, 0.001], [6485954.0, 0.0485]], "timestamp": 1618027117.0163586}
{"asks": [[6491221.0, 0.005], [6491520.0, 5.2e-05], [6492223.0, 0.03], [6492228.0, 0.033], [6492499.0, 0.0002], [6492640.0, 0.000252], [6493111.0, 0.002], [6493450.0, 0.12], [6493572.0, 0.04892475], [6493749.0, 0.0002], [6493760.0, 0.000252], [6493833.0, 0.0816], [6494182.0, 0.12], [6494294.0, 0.05785281], [6494879.0, 0.0099], [6494880.0, 0.120252], [6494999.0, 0.0002], [6495209.0, 0.048], [6495835.0, 0.001], [6495840.0, 0.001], [6495892.0, 0.00919493], [6495899.0, 0.12], [6495906.0, 0.00409916], [6496000.0, 0.000252], [6496160.0, 0.01936506], [6496163.0, 0.0091864], [6496168.0, 0.0091937], [6496171.0, 0.001], [6496173.0, 0.00918611], [6496249.0, 0.0001], [6496525.0, 0.1225], [6496543.0, 0.049], [6496757.0, 0.0776], [6497119.0, 0.30495396], [6497120.0, 0.000252], [6497404.0, 0.001], [6497499.0, 0.0001], [6497561.0, 0.0655], [6497777.0, 0.2], [6497785.0, 0.8319]], "bids": [[6490411.0, 0.003], [6490320.0, 0.00493612], [6490001.0, 0.0002], [6489087.0, 0.01162384], [6488896.0, 0.01], [6488895.0, 0.00308151], [6488751.0, 0.0002], [6488235.0, 0.0506], [6488234.0, 0.01699492], [6488227.0, 0.01499507], [6488160.0, 0.000252], [6488141.0, 0.002], [6487841.0, 0.0088], [6487840.0, 0.12], [6487587.0, 0.00919493], [6487580.0, 0.00917889], [6487501.0, 0.0002], [6487500.0, 0.002], [6487444.0, 0.00918617], [6487441.0, 0.0091864], [6487435.0, 0.12], [6487390.0, 0.0776], [6487041.0, 0.005], [6487040.0, 0.000252], [6487030.0, 0.12], [6486983.0, 0.0018], [6486900.0, 0.003], [6486686.0, 0.001], [6486678.0, 0.0091937], [6486673.0, 0.001], [6486671.0, 0.00918611], [6486643.0, 0.0655], [6486625.0, 0.12], [6486266.0, 0.08799386], [6486251.0, 0.0002], [6486220.0, 0.12], [6486104.0, 0.001], [6486100.0, 0.001], [6486023.0, 0.001], [6485954.0, 0.0485]], "timestamp": 1618027122.0776165}
{"asks": [[6492832.0, 0.003], [6492835.0, 0.00099492], [6492840.0, 0.066], [6492841.0, 0.0505], [6493045.0, 0.12], [6493089.0, 0.001], [6493092.0, 0.0091937], [6493097.0, 0.01419493], [6493106.0, 0.97044712], [6493111.0, 0.002], [6493396.0, 0.0837], [6493450.0, 0.12], [6493572.0, 0.04892475], [6493749.0, 0.0002], [6493760.0, 0.000252], [6493833.0, 0.0816], [6493907.0, 0.0485], [6494100.0, 0.0837], [6494182.0, 0.12], [6494294.0, 0.05785281], [6494879.0, 0.0099], [6494880.0, 0.120252], [6494999.0, 0.0002], [6495209.0, 0.048], [6495381.0, 0.01], [6495835.0, 0.001], [6495899.0, 0.12], [6495906.0, 0.00409916], [6495957.0, 0.001], [6496000.0, 0.000252], [6496249.0, 0.0001], [6496473.0, 0.00918611], [6496479.0, 0.00917889], [6496482.0, 0.01018617], [6496485.0, 0.0091864], [6496490.0, 0.49550595], [6496525.0, 0.12], [6496543.0, 0.049], [6496757.0, 0.0776], [6497120.0, 0.000252]], "bids": [[6489320.0, 0.002], [6489280.0, 0.000252], [6489103.0, 0.01499507], [6489087.0, 0.00975996], [6489055.0, 0.12], [6488981.0, 0.0837], [6488895.0, 0.00308151], [6488752.0, 0.01], [6488751.0, 0.0002], [6488651.0, 0.0297], [6488650.0, 0.12], [6488291.0, 0.001], [6488288.0, 0.0091937], [6488283.0, 0.0837], [6488245.0, 0.12], [6488160.0, 0.000252], [6487846.0, 0.0091864], [6487840.0, 0.12], [6487579.0, 0.0515], [6487501.0, 0.0002], [6487500.0, 0.002], [6487462.0, 0.00919493], [6487455.0, 0.00917889], [6487452.0, 0.00918617], [6487435.0, 0.12], [6487390.0, 0.0776], [6487071.0, 0.10505621], [6487040.0, 0.000252], [6487031.0, 0.005], [6487030.0, 0.12], [6486983.0, 0.0018], [6486900.0, 0.003], [6486687.0, 0.24601872], [6486643.0, 0.0655], [6486274.0, 0.001], [6486266.0, 0.08799386], [6486251.0, 0.0002], [6486221.0, 0.001], [6486100.0, 0.001], [6486029.0, 0.00918611]], "timestamp": 1618027127.0695956}
{"asks": [[6491249.0, 0.0002], [6492628.0, 0.0572], [6492629.0, 0.01024004], [6492640.0, 0.000252], [6492822.0, 0.005], [6493044.0, 0.0505], [6493045.0, 0.12], [6493381.0, 0.001], [6493384.0, 0.01329286], [6493389.0, 0.00919493], [6493396.0, 0.0837], [6493450.0, 0.12], [6493572.0, 0.04892475], [6493749.0, 0.0002], [6493760.0, 0.000252], [6493833.0, 0.0816], [6493907.0, 0.0485], [6494100.0, 0.0837], [6494182.0, 0.12], [6494294.0, 0.05785281], [6494419.0, 0.1255], [6494552.0, 0.002], [6494880.0, 0.120252], [6494999.0, 0.0002], [6495209.0, 0.048], [6495399.0, 0.1674], [6495829.0, 0.001], [6495835.0, 0.001], [6495899.0, 0.12], [6496000.0, 0.000252], [6496056.0, 0.0025], [6496249.0, 0.0001], [6496429.0, 0.0101941], [6496432.0, 0.0091864], [6496434.0, 0.00918617], [6496437.0, 0.00918611], [6496443.0, 0.47937773], [6496525.0, 0.12], [6496543.0, 0.049], [6496756.0, 0.5]], "bids": [[6489114.0, 0.02125708], [6489109.0, 0.015], [6489107.0, 0.002], [6489055.0, 0.12], [6488981.0, 0.0837], [6488895.0, 0.00308151], [6488755.0, 0.01], [6488751.0, 0.0002], [6488651.0, 0.0231], [6488650.0, 0.12], [6488296.0, 0.001], [6488288.0, 0.0091864], [6488283.0, 0.0837], [6488245.0, 0.12], [6488160.0, 0.000252], [6487872.0, 0.001], [6487867.0, 0.00918617], [6487864.0, 0.0091937], [6487859.0, 0.00918611], [6487853.0, 0.00919493], [6487840.0, 0.12], [6487682.0, 0.1255], [6487579.0, 0.0515], [6487501.0, 0.0002], [6487500.0, 0.002], [6487476.0, 0.01499507], [6487435.0, 0.12], [6487390.0, 0.0776], [6487045.0, 0.005], [6487040.0, 0.000252], [6487030.0, 0.12], [6487013.0, 0.10505621], [6486983.0, 0.0018], [6486900.0, 0.003], [6486643.0, 0.0655], [6486303.0, 0.1663], [6486251.0, 0.0002], [6486100.0, 0.001], [6486093.0, 0.001], [6485954.0, 0.0485]], "timestamp": 1618027132.0743375}
{"asks": [[6489439.0, 0.005], [6491249.0, 0.0002], [6491764.0, 0.005], [6492286.0, 0.01024004], [6492460.0, 0.00919493], [6492473.0, 0.048], [6492507.0, 0.0768], [6492640.0, 0.120252], [6492697.0, 0.04892475], [6493045.0, 0.12], [6493369.0, 0.001], [6493372.0, 0.0091937], [6493450.0, 0.12], [6493491.0, 0.05785281], [6493749.0, 0.0002], [6493760.0, 0.000252], [6493833.0, 0.0816], [6493907.0, 0.0485], [6494100.0, 0.00409916], [6494182.0, 0.12], [6494419.0, 0.1255], [6494446.0, 0.002], [6494880.0, 0.120252], [6494999.0, 0.0002], [6495209.0, 0.048], [6495233.0, 0.001], [6495240.0, 0.001], [6495788.0, 0.0091941], [6495791.0, 0.00918617], [6495794.0, 0.0091864], [6495799.0, 0.47283765], [6495899.0, 0.12], [6495959.0, 0.0025], [6496000.0, 0.000252], [6496227.0, 0.02], [6496249.0, 0.0001], [6496415.0, 0.001], [6496423.0, 0.00918611], [6496442.0, 0.5], [6496543.0, 0.049]], "bids": [[6489344.0, 0.02125708], [6489339.0, 0.015], [6488989.0, 0.002], [6488751.0, 0.0002], [6488301.0, 0.01], [6488299.0, 0.0091864], [6488293.0, 0.0091937], [6488276.0, 0.00308159], [6488245.0, 0.12], [6488160.0, 0.000252], [6487885.0, 0.001], [6487883.0, 0.00918611], [6487841.0, 0.0396], [6487840.0, 0.12], [6487671.0, 0.01499507], [6487501.0, 0.0002], [6487500.0, 0.002], [6487435.0, 0.12], [6487390.0, 0.0776], [6487040.0, 0.000252], [6487030.0, 0.12], [6486983.0, 0.0018], [6486900.0, 0.003], [6486660.0, 0.00919493], [6486654.0, 0.005], [6486652.0, 0.001], [6486651.0, 0.0091941], [6486648.0, 0.00918617], [6486644.0, 0.23229866], [6486643.0, 0.0655], [6486334.0, 0.10505621], [6486304.0, 0.12], [6486303.0, 0.1663], [6486251.0, 0.0002], [6485954.0, 0.0485], [6485930.0, 0.0784], [6485920.0, 0.000252], [6485897.0, 0.12], [6485505.0, 0.001], [6485498.0, 0.001]], "timestamp": 1618027137.0926762}
{"asks": [[6492028.0, 0.002], [6492637.0, 0.003], [6492640.0, 0.000252], [6493000.0, 0.0022], [6493001.0, 0.01024004], [6493749.0, 0.0002], [6493760.0, 0.000252], [6494100.0, 0.00409916], [6494443.0, 0.04892475], [6494475.0, 0.12], [6494808.0, 0.002], [6494880.0, 0.120252], [6494999.0, 0.0002], [6495088.0, 0.05785281], [6495209.0, 0.048], [6495357.0, 0.0792], [6495762.0, 0.00919493], [6495764.0, 0.0835], [6495769.0, 0.0101941], [6495772.0, 0.0091864], [6495774.0, 0.00918617], [6495782.0, 0.00918611], [6495899.0, 0.12], [6496000.0, 0.000252], [6496227.0, 0.02], [6496249.0, 0.0001], [6496466.0, 0.0025], [6496535.0, 0.001], [6496543.0, 0.169], [6496757.0, 0.0776], [6497120.0, 0.120252], [6497420.0, 0.001], [6497454.0, 0.02], [6497499.0, 0.0001], [6497531.0, 0.48957758], [6497561.0, 0.1855], [6497610.0, 0.02], [6497776.0, 0.18495396], [6497777.0, 0.2], [6497785.0, 0.8319]], "bids": [[6490270.0, 0.12], [6490116.0, 0.03], [6490111.0, 0.03400374], [6489865.0, 0.12], [6489461.0, 0.0198], [6489460.0, 0.12], [6489085.0, 0.02], [6489055.0, 0.12], [6489040.0, 0.01702178], [6489034.0, 0.0413386], [6488868.0, 0.0792], [6488751.0, 0.0002], [6488745.0, 0.01499507], [6488656.0, 0.0091864], [6488650.0, 0.12], [6488329.0, 0.10505621], [6488245.0, 0.12], [6488160.0, 0.000252], [6487842.0, 0.005], [6487841.0, 0.0066], [6487682.0, 0.001], [6487501.0, 0.0002], [6487500.0, 0.001], [6487390.0, 0.0776], [6487317.0, 0.0485], [6487101.0, 0.001], [6487040.0, 0.000252], [6486983.0, 0.0018], [6486643.0, 0.0655], [6486371.0, 0.001], [6486368.0, 0.0091937], [6486363.0, 0.00919493], [6486356.0, 0.001], [6486354.0, 0.0091941], [6486351.0, 0.00918617], [6486348.0, 0.23422441], [6486340.0, 0.00918611], [6486305.0, 0.005], [6486251.0, 0.0002], [6485955.0, 0.5]], "timestamp": 1618027142.0066147}
{"asks": [[6492640.0, 0.000252], [6493749.0, 0.0002], [6493760.0, 0.000252], [6493874.0, 0.01699492], [6493880.0, 0.03], [6493885.0, 0.066], [6493886.0, 0.051], [6494070.0, 0.12], [6494428.0, 0.01], [6494429.0, 0.00919493], [6494443.0, 0.05302391], [6494475.0, 0.12], [6494745.0, 0.00308125], [6494747.0, 0.01024004], [6494880.0, 0.120252], [6494999.0, 0.0002], [6495088.0, 0.05785281], [6495209.0, 0.048], [6495357.0, 0.0792], [6495899.0, 0.12], [6496000.0, 0.000252], [6496248.0, 0.005], [6496249.0, 0.0001], [6496466.0, 0.0025], [6496491.0, 0.001], [6496494.0, 0.0091937], [6496543.0, 0.169], [6496566.0, 0.002], [6496757.0, 0.0776], [6497106.0, 0.001], [6497114.0, 0.00918611], [6497120.0, 0.120252], [6497320.0, 0.001], [6497499.0, 0.0001], [6497517.0, 0.0091941], [6497520.0, 0.0091864], [6497522.0, 0.00918617], [6497530.0, 0.5], [6497777.0, 0.2], [6497785.0, 0.8319]], "bids": [[6490001.0, 0.0002], [6489069.0, 0.01799492], [6489066.0, 0.00918611], [6489063.0, 0.001], [6489060.0, 0.0091937], [6489056.0, 0.066], [6489055.0, 0.12], [6488967.0, 0.01], [6488868.0, 0.0792], [6488751.0, 0.0002], [6488650.0, 0.12], [6488330.0, 0.0176], [6488254.0, 0.001], [6488246.0, 0.23336631], [6488245.0, 0.12], [6488160.0, 0.000252], [6488137.0, 0.01499507], [6487682.0, 0.12], [6487607.0, 0.001], [6487583.0, 0.001], [6487501.0, 0.0002], [6487500.0, 0.001], [6487391.0, 0.5], [6487390.0, 0.0776], [6487317.0, 0.0485], [6487101.0, 0.12], [6487040.0, 0.000252], [6486643.0, 0.1855], [6486608.0, 0.01], [6486377.0, 0.00918617], [6486371.0, 0.08799386], [6486251.0, 0.0002], [6485962.0, 0.00919493], [6485958.0, 0.0091941], [6485954.0, 0.0485], [6485930.0, 0.0784], [6485920.0, 0.000252], [6485319.0, 0.375], [6485001.0, 0.0002], [6484800.0, 0.000252]], "timestamp": 1618027147.0204022}
{"asks": [[6492630.0, 0.005], [6492640.0, 0.000252], [6493700.0, 0.002], [6493749.0, 0.0002], [6493760.0, 0.000252], [6493850.0, 0.0484], [6493851.0, 0.031], [6494067.0, 0.01], [6494070.0, 0.12], [6494443.0, 0.04892475], [6494475.0, 0.12], [6494753.0, 0.01332103], [6494880.0, 0.120252], [6494999.0, 0.0002], [6495209.0, 0.048], [6495321.0, 0.0833], [6495357.0, 0.0792], [6495871.0, 0.005], [6495899.0, 0.12], [6496000.0, 0.000252], [6496249.0, 0.0001], [6496513.0, 0.00919493], [6496520.0, 0.0091864], [6496522.0, 0.001], [6496525.0, 0.0091937], [6496543.0, 0.17309916], [6496698.0, 0.001], [6496724.0, 0.001], [6496757.0, 0.0776], [6496851.0, 0.05785281], [6497120.0, 0.120252], [6497139.0, 0.0025], [6497497.0, 0.001], [6497499.0, 0.0092941], [6497502.0, 0.00918617], [6497505.0, 0.00918611], [6497530.0, 0.5], [6497606.0, 0.005], [6497777.0, 0.2], [6497875.0, 0.02]], "bids": [[6489865.0, 0.1144864], [6489735.0, 0.0833], [6489460.0, 0.12], [6489452.0, 0.01499507], [6489092.0, 0.00919493], [6489088.0, 0.0091941], [6489085.0, 0.01018617], [6489082.0, 0.0091937], [6489056.0, 0.0132], [6489055.0, 0.12], [6489054.0, 0.0833], [6488898.0, 0.10505621], [6488868.0, 0.0792], [6488751.0, 0.0002], [6488650.0, 0.12], [6488404.0, 0.1249], [6488254.0, 0.24310648], [6488245.0, 0.12], [6488160.0, 0.000252], [6488121.0, 0.002], [6487697.0, 0.121], [6487689.0, 0.00918611], [6487683.0, 0.5], [6487682.0, 0.08799386], [6487501.0, 0.0002], [6487500.0, 0.001], [6487391.0, 0.5], [6487390.0, 0.0776], [6487317.0, 0.0485], [6487040.0, 0.000252], [6486989.0, 0.001], [6486962.0, 0.001], [6486784.0, 0.01], [6486643.0, 0.0655], [6486251.0, 0.0002], [6485954.0, 0.0485], [6485930.0, 0.0784], [6485920.0, 0.000252], [6485501.0, 0.0025], [6485319.0, 0.375]], "timestamp": 1618027152.021}
{"asks": [[6493244.0, 0.003], [6493567.0, 0.97044712], [6493568.0, 0.0350167], [6493569.0, 0.0095], [6493574.0, 0.01], [6493575.0, 0.002], [6493579.0, 0.01700882], [6493582.0, 0.006], [6493665.0, 0.12], [6493691.0, 0.0485], [6493749.0, 0.0002], [6493760.0, 0.000252], [6494069.0, 0.01], [6494070.0, 0.12], [6494219.0, 0.002], [6494475.0, 0.12], [6494880.0, 0.120252], [6494977.0, 0.04892475], [6494999.0, 0.0002], [6495209.0, 0.048], [6495314.0, 0.01332109], [6495357.0, 0.0792], [6495768.0, 0.05728001], [6495898.0, 0.005], [6495899.0, 0.12], [6496000.0, 0.000252], [6496087.0, 0.001], [6496249.0, 0.0001], [6496427.0, 0.001], [6496513.0, 0.00409916], [6496543.0, 0.169], [6496757.0, 0.0776], [6496940.0, 0.0025], [6497120.0, 0.000252], [6497499.0, 0.0001], [6497736.0, 0.005], [6497737.0, 0.00919493], [6497739.0, 0.0101941], [6497742.0, 0.0091864], [6497744.0, 0.00918617]], "bids": [[6490276.0, 0.01499507], [6489464.0, 0.0091941], [6489461.0, 0.066], [6489280.0, 0.000252], [6489112.0, 0.09718879], [6489111.0, 0.001], [6489108.0, 0.01837257], [6489105.0, 0.001], [6489103.0, 0.00918611], [6489097.0, 0.0091937], [6489056.0, 0.0132], [6489055.0, 0.12], [6488868.0, 0.0792], [6488751.0, 0.0002], [6488680.0, 0.10505621], [6488650.0, 0.12], [6488245.0, 0.12], [6488160.0, 0.000252], [6487698.0, 0.5], [6487697.0, 0.12], [6487501.0, 0.0002], [6487500.0, 0.001], [6487390.0, 0.0776], [6487317.0, 0.0485], [6487040.0, 0.120252], [6486784.0, 0.01], [6486692.0, 0.001], [6486643.0, 0.0655], [6486512.0, 0.122], [6486352.0, 0.001], [6486251.0, 0.0002], [6485954.0, 0.0485], [6485930.0, 0.0784], [6485920.0, 0.000252], [6485432.0, 0.0025], [6485001.0, 0.0002], [6484800.0, 0.000252], [6484689.0, 0.375], [6484643.0, 0.02], [6484607.0, 0.048]], "timestamp": 1618027157.0058696}
{"asks": [[6492942.0, 0.0483], [6493503.0, 0.0091864], [6493508.0, 0.0275], [6493509.0, 0.0833], [6493527.0, 0.002], [6493582.0, 0.006], [6493665.0, 0.12], [6493749.0, 0.0002], [6493760.0, 0.000252], [6494070.0, 0.12], [6494158.0, 0.0833], [6494473.0, 0.01], [6494475.0, 0.12], [6494572.0, 0.01024004], [6494755.0, 0.01327463], [6494880.0, 0.120252], [6494946.0, 0.0030812], [6494999.0, 0.0002], [6495209.0, 0.048], [6495357.0, 0.0792], [6495714.0, 0.04892475], [6495899.0, 0.12], [6496000.0, 0.000252], [6496199.0, 0.005], [6496249.0, 0.0001], [6496483.0, 0.05728001], [6496543.0, 0.169], [6496729.0, 0.001], [6496757.0, 0.0776], [6496810.0, 0.001], [6497120.0, 0.000252], [6497499.0, 0.0001], [6497635.0, 0.0025], [6497709.0, 0.00918611], [6497712.0, 0.001], [6497715.0, 0.0091937], [6497720.0, 0.0091941], [6497723.0, 0.001], [6497724.0, 0.00919493], [6497728.0, 0.00918617]], "bids": [[6489625.0, 0.03045288], [6489624.0, 0.001], [6489616.0, 0.0462], [6489614.0, 0.00844923], [6489474.0, 0.0091937], [6489465.0, 0.03], [6489460.0, 0.12], [6489348.0, 0.05], [6489280.0, 0.000252], [6489120.0, 0.001], [6489115.0, 0.00918617], [6489061.0, 0.00918611], [6489055.0, 0.12], [6488868.0, 0.0792], [6488781.0, 0.10505621], [6488775.0, 0.0495], [6488751.0, 0.0002], [6488650.0, 0.12], [6488629.0, 0.0833], [6488245.0, 0.12], [6488160.0, 0.000252], [6487981.0, 0.0833], [6487715.0, 0.0091941], [6487712.0, 0.00919493], [6487710.0, 0.0091864], [6487706.0, 0.5], [6487705.0, 0.08799386], [6487699.0, 0.23153396], [6487697.0, 0.12], [6487501.0, 0.0002], [6487500.0, 0.001], [6487390.0, 0.0776], [6487317.0, 0.0485], [6487075.0, 0.001], [6487074.0, 0.001], [6487040.0, 0.120252], [6486730.0, 0.01], [6486643.0, 0.0655], [6486251.0, 0.0002], [6486193.0, 0.0025]], "timestamp": 1618027162.002217}
{"asks": [[6493664.0, 0.0138], [6493665.0, 0.12], [6493749.0, 0.0002], [6493760.0, 0.000252], [6494070.0, 0.12409916], [6494138.0, 0.0833], [6494444.0, 0.01], [6494475.0, 0.12], [6494860.0, 0.00308119], [6494861.0, 0.01024004], [6494880.0, 0.120252], [6494943.0, 0.01151475], [6494999.0, 0.0002], [6495209.0, 0.048], [6495357.0, 0.0792], [6495714.0, 0.04892475], [6495899.0, 0.12], [6496000.0, 0.000252], [6496247.0, 0.005], [6496249.0, 0.0001], [6496483.0, 0.17728001], [6496543.0, 0.049], [6496757.0, 0.0776], [6496868.0, 0.001], [6496929.0, 0.0025], [6496984.0, 0.001], [6497120.0, 0.000252], [6497499.0, 0.0001], [6497679.0, 0.001], [6497687.0, 0.00918611], [6497690.0, 0.001], [6497693.0, 0.0091937], [6497698.0, 0.0091941], [6497701.0, 0.5], [6497702.0, 0.00919493], [6497704.0, 0.0091864], [6497706.0, 0.00918617], [6497777.0, 0.2], [6497960.0, 0.0001], [6497980.0, 0.005]], "bids": [[6490001.0, 0.0002], [6489801.0, 0.0253], [6489800.0, 0.02097555], [6489621.0, 0.03], [6489460.0, 0.12], [6489280.0, 0.000252], [6489080.0, 0.001], [6489077.0, 0.0091937], [6489072.0, 0.0091941], [6489068.0, 0.00919493], [6489066.0, 0.0091864], [6489064.0, 0.00918617], [6489056.0, 0.0066], [6489055.0, 0.12], [6488868.0, 0.0792], [6488775.0, 0.0495], [6488751.0, 0.0002], [6488650.0, 0.12], [6488602.0, 0.0833], [6488260.0, 0.001], [6488252.0, 0.00918611], [6488246.0, 0.23767365], [6488245.0, 0.12], [6488160.0, 0.000252], [6487706.0, 0.5], [6487705.0, 0.08799386], [6487697.0, 0.12], [6487501.0, 0.0002], [6487500.0, 0.001], [6487390.0, 0.0776], [6487317.0, 0.0485], [6487248.0, 0.001], [6487132.0, 0.001], [6487040.0, 0.120252], [6486643.0, 0.0655], [6486302.0, 0.002], [6486251.0, 0.0002], [6486089.0, 0.01], [6485954.0, 0.0485], [6485930.0, 0.0784]], "timestamp": 1618027167.012}
{"asks": [[6493941.0, 0.003], [6493944.0, 0.0005], [6494056.0, 0.00919493], [6494060.0, 0.008], [6494063.0, 0.01702178], [6494066.0, 0.12], [6494387.0, 0.01], [6494391.0, 0.003081], [6494474.0, 0.0429], [6494475.0, 0.12], [6494536.0, 0.01024004], [6494880.0, 0.120252], [6494895.0, 0.0836], [6494999.0, 0.0002], [6495209.0, 0.048], [6495357.0, 0.0792], [6495382.0, 0.0836], [6495449.0, 0.01460621], [6495544.0, 0.1254], [6495714.0, 0.04892475], [6495899.0, 0.12], [6496000.0, 0.000252], [6496247.0, 0.005], [6496249.0, 0.0001], [6496483.0, 0.18137917], [6496543.0, 0.049], [6496757.0, 0.0776], [6497013.0, 0.121], [6497028.0, 0.001], [6497120.0, 0.000252], [6497499.0, 0.0001], [6497662.0, 0.001], [6497670.0, 0.00918611], [6497771.0, 0.0091864], [6497773.0, 0.01838027], [6497776.0, 0.5], [6497777.0, 0.2], [6497801.0, 0.0025], [6497958.0, 0.005], [6497960.0, 0.0001]], "bids": [[6490601.0, 0.0067], [6490596.0, 0.0275], [6490595.0, 0.0502], [6490400.0, 0.000252], [6490309.0, 0.00446701], [6489945.0, 0.0836], [6489869.0, 0.12], [6489800.0, 0.01], [6489472.0, 0.0091864], [6489470.0, 0.01838027], [6489467.0, 0.00919493], [6489460.0, 0.12], [6489458.0, 0.0836], [6489280.0, 0.000252], [6489097.0, 0.001], [6489094.0, 0.0091937], [6489089.0, 0.08799386], [6489056.0, 0.0066], [6489055.0, 0.12], [6488868.0, 0.0792], [6488775.0, 0.0495], [6488751.0, 0.0002], [6488650.0, 0.12], [6488491.0, 0.002], [6488261.0, 0.23769011], [6488245.0, 0.12], [6488160.0, 0.125652], [6487720.0, 0.001], [6487712.0, 0.00918611], [6487706.0, 0.5], [6487697.0, 0.12], [6487501.0, 0.0002], [6487500.0, 0.001], [6487390.0, 0.0776], [6487317.0, 0.0485], [6487291.0, 0.001], [6487276.0, 0.001], [6487040.0, 0.000252], [6486945.0, 0.01], [6486643.0, 0.0655]], "timestamp": 1618027172.0122814}
{"asks": [[6490590.0, 0.0043], [6491249.0, 0.0002], [6492499.0, 0.0002], [6492732.0, 0.005], [6492832.0, 0.001], [6492838.0, 0.01], [6492839.0, 0.12], [6493006.0, 0.04892475], [6493026.0, 0.01460621], [6493234.0, 0.01024004], [6493235.0, 0.00308138], [6493236.0, 0.0091864], [6493241.0, 0.00919493], [6493244.0, 0.001], [6493247.0, 0.0143], [6493248.0, 0.12], [6493304.0, 0.002], [6493657.0, 0.12], [6493734.0, 0.0495], [6493927.0, 0.08], [6493944.0, 0.0005], [6494066.0, 0.12], [6494162.0, 0.05728001], [6494475.0, 0.12], [6494879.0, 0.005], [6494880.0, 0.120252], [6494999.0, 0.0002], [6495209.0, 0.048], [6495278.0, 0.001], [6495357.0, 0.0792], [6496000.0, 0.000252], [6496249.0, 0.0001], [6496302.0, 0.001], [6496482.0, 0.005], [6496483.0, 0.00409916], [6496543.0, 0.049], [6496753.0, 0.01838027], [6496756.0, 0.5], [6496757.0, 0.0776], [6496981.0, 0.003]], "bids": [[6490438.0, 0.001], [6490420.0, 0.01], [6490400.0, 0.000252], [6489800.0, 0.01], [6489280.0, 0.000252], [6489097.0, 0.001], [6489062.0, 0.066], [6489061.0, 0.12], [6488751.0, 0.0002], [6488653.0, 0.12], [6488275.0, 0.001], [6488274.0, 0.00919493], [6488267.0, 0.00918611], [6488246.0, 0.0099], [6488245.0, 0.12], [6488160.0, 0.000252], [6487896.0, 0.00446701], [6487750.0, 0.10505621], [6487720.0, 0.12], [6487501.0, 0.0002], [6487500.0, 0.001], [6487390.0, 0.0776], [6487310.0, 0.22502055], [6487309.0, 0.0515], [6487291.0, 0.12], [6487136.0, 0.002], [6487040.0, 0.000252], [6486643.0, 0.1855], [6486567.0, 0.001], [6486285.0, 0.01], [6486251.0, 0.0002], [6485954.0, 0.0485], [6485930.0, 0.0784], [6485920.0, 0.000252], [6485890.0, 0.0025], [6485544.0, 0.001], [6485001.0, 0.0002], [6484800.0, 0.000252], [6484752.0, 0.375], [6484621.0, 0.0091864]], "timestamp": 1618027177.0043116}
{"asks": [[6493245.0, 0.001], [6493248.0, 0.12], [6493448.0, 0.002], [6493657.0, 0.12], [6493734.0, 0.0495], [6493760.0, 0.000252], [6493771.0, 0.00308119], [6493772.0, 0.01024004], [6493927.0, 0.08], [6493944.0, 0.0005], [6494066.0, 0.12], [6494472.0, 0.01460621], [6494475.0, 0.12], [6494583.0, 0.04892475], [6494880.0, 0.120252], [6494999.0, 0.0002], [6495209.0, 0.048], [6495357.0, 0.0792], [6495428.0, 0.05728001], [6496000.0, 0.120252], [6496249.0, 0.0001], [6496332.0, 0.001], [6496392.0, 0.001], [6496543.0, 0.049], [6496725.0, 0.001], [6496728.0, 0.0091937], [6496733.0, 0.0091864], [6496738.0, 0.00919493], [6496757.0, 0.0776], [6496947.0, 0.0025], [6496959.0, 0.001], [6496967.0, 0.00918611], [6496973.0, 0.02247943], [6496981.0, 0.003], [6496982.0, 0.8319], [6497120.0, 0.000252], [6497186.0, 0.48167147], [6497499.0, 0.0001], [6497776.0, 0.5], [6497777.0, 0.2]], "bids": [[6490174.0, 0.001], [6489833.0, 0.01], [6489810.0, 0.005], [6489800.0, 0.000352], [6489685.0, 0.002], [6489471.0, 0.0341], [6489470.0, 0.12], [6489359.0, 0.00446701], [6489280.0, 0.000252], [6489069.0, 0.001], [6489066.0, 0.0091937], [6489061.0, 0.12], [6489052.0, 0.0816], [6488751.0, 0.0002], [6488654.0, 0.0066], [6488653.0, 0.12], [6488246.0, 0.005], [6488245.0, 0.12], [6488190.0, 0.10505621], [6488160.0, 0.000252], [6487720.0, 0.12], [6487501.0, 0.0002], [6487500.0, 0.001], [6487401.0, 0.00918611], [6487395.0, 0.0091864], [6487393.0, 0.01838027], [6487390.0, 0.16559386], [6487311.0, 0.5], [6487309.0, 0.0515], [6487291.0, 0.12], [6487040.0, 0.000252], [6486921.0, 0.001], [6486656.0, 0.001], [6486644.0, 0.005], [6486643.0, 0.0655], [6486365.0, 0.01], [6486251.0, 0.0002], [6486181.0, 0.001], [6485954.0, 0.0485], [6485930.0, 0.0784]], "timestamp": 1618027182.0686374}
{"asks": [[6493648.0, 0.008], [6493651.0, 0.03400374], [6493760.0, 0.000252], [6493809.0, 0.01460621], [6493944.0, 0.0005], [6494065.0, 0.0011], [6494066.0, 0.12], [6494275.0, 0.002], [6494318.0, 0.01024004], [6494475.0, 0.12], [6494880.0, 0.120252], [6494999.0, 0.0002], [6495209.0, 0.048], [6495304.0, 0.04892475], [6495357.0, 0.0792], [6495993.0, 0.00919493], [6496000.0, 0.17753201], [6496053.0, 0.0843], [6496249.0, 0.0001], [6496529.0, 0.001], [6496535.0, 0.001], [6496537.0, 0.01328527], [6496538.0, 0.0091937], [6496543.0, 0.169], [6496746.0, 0.001], [6496752.0, 0.0091864], [6496757.0, 0.0776], [6496959.0, 0.12], [6496982.0, 0.8319], [6496983.0, 0.001], [6497120.0, 0.000252], [6497499.0, 0.0001], [6497745.0, 0.5], [6497746.0, 0.45233454], [6497777.0, 0.2], [6497960.0, 0.0001], [6498000.0, 0.1015], [6498240.0, 0.000252], [6498394.0, 0.0025], [6498519.0, 0.00098069]], "bids": [[6490575.0, 0.00616152], [6490414.0, 0.01], [6490413.0, 0.01], [6490411.0, 0.007], [6490288.0, 0.12], [6489879.0, 0.12], [6489800.0, 0.000352], [6489476.0, 0.0091937], [6489470.0, 0.12], [6489280.0, 0.000252], [6489074.0, 0.001], [6489062.0, 0.0055], [6489061.0, 0.12], [6489052.0, 0.0816], [6488754.0, 0.005], [6488751.0, 0.0002], [6488697.0, 0.00446701], [6488677.0, 0.05], [6488653.0, 0.12], [6488277.0, 0.10505621], [6488252.0, 0.0091864], [6488160.0, 0.000252], [6487912.0, 0.001], [6487911.0, 0.00919493], [6487904.0, 0.00918611], [6487898.0, 0.22827318], [6487501.0, 0.0002], [6487500.0, 0.001], [6487391.0, 0.5], [6487390.0, 0.16559386], [6487309.0, 0.0515], [6487246.0, 0.001], [6487174.0, 0.0025], [6487040.0, 0.000252], [6487024.0, 0.01], [6487010.0, 0.001], [6486992.0, 0.005], [6486643.0, 0.0655], [6486251.0, 0.0002], [6486181.0, 0.001]], "timestamp": 1618027187.0273218}
{"asks": [[6493760.0, 0.01], [6494306.0, 0.01], [6494310.0, 0.0396], [6494311.0, 0.01975574], [6494880.0, 0.000252], [6494999.0, 0.0002], [6495357.0, 0.0792], [6495421.0, 0.01024004], [6495544.0, 0.01], [6495545.0, 0.01460621], [6495584.0, 0.0091864], [6495589.0, 0.0843], [6495591.0, 0.12], [6495980.0, 0.00509916], [6495981.0, 0.00919493], [6496000.0, 0.120252], [6496053.0, 0.0843], [6496069.0, 0.002], [6496129.0, 0.04892475], [6496249.0, 0.0001], [6496543.0, 0.169], [6496757.0, 0.0776], [6496795.0, 0.05728001], [6496959.0, 0.12], [6497120.0, 0.000252], [6497498.0, 0.005], [6497499.0, 0.1201], [6497726.0, 0.001], [6497731.0, 0.01838027], [6497734.0, 0.00918611], [6497740.0, 0.0091937], [6497777.0, 0.2], [6497907.0, 0.0025], [6497960.0, 0.1201], [6497963.0, 0.001], [6498000.0, 0.1015], [6498073.0, 0.001], [6498240.0, 0.000252], [6498519.0, 0.00098069], [6498685.0, 0.08]], "bids": [[6491076.0, 0.00616138], [6490795.0, 0.01], [6490793.0, 0.00716038], [6490788.0, 0.0843], [6490697.0, 0.12], [6490471.0, 0.0253], [6490470.0, 0.0776], [6490431.0, 0.00446701], [6490288.0, 0.12], [6490001.0, 0.0002], [6489996.0, 0.0515], [6489879.0, 0.12], [6489800.0, 0.000352], [6489470.0, 0.12], [6489280.0, 0.000252], [6489080.0, 0.0091864], [6489078.0, 0.01838027], [6489075.0, 0.002], [6489074.0, 0.00919493], [6489065.0, 0.08799386], [6489061.0, 0.12], [6489052.0, 0.0816], [6488755.0, 0.24971273], [6488751.0, 0.0002], [6488677.0, 0.05], [6488653.0, 0.12], [6488335.0, 0.001], [6488278.0, 0.5], [6488225.0, 0.001], [6488160.0, 0.000252], [6487501.0, 0.0002], [6487500.0, 0.001], [6487397.0, 0.00918611], [6487390.0, 0.0776], [6487309.0, 0.0515], [6487040.0, 0.000252], [6487024.0, 0.01], [6486729.0, 0.0025], [6486643.0, 0.0655], [6486251.0, 0.0002]], "timestamp": 1618027192.011}
{"asks": [[6493749.0, 0.0002], [6494963.0, 0.008], [6494966.0, 0.00918611], [6494999.0, 0.0002], [6495497.0, 0.002], [6495983.0, 0.066], [6496000.0, 0.000252], [6496053.0, 0.0843], [6496134.0, 0.12], [6496249.0, 0.0001], [6496536.0, 0.01329409], [6496543.0, 0.12], [6496589.0, 0.01460621], [6496757.0, 0.0776], [6496959.0, 0.12], [6497029.0, 0.01024004], [6497120.0, 0.000252], [6497490.0, 0.001], [6497498.0, 0.032], [6497499.0, 0.1201], [6497711.0, 0.04892475], [6497777.0, 0.2], [6497960.0, 0.1201], [6498000.0, 0.1015], [6498240.0, 0.000252], [6498411.0, 0.05728001], [6498511.0, 0.121], [6498519.0, 0.00098069], [6498647.0, 0.0091864], [6498652.0, 0.01838027], [6498655.0, 0.45644337], [6498685.0, 0.08], [6498749.0, 0.0001], [6498765.0, 0.001], [6498845.0, 0.051], [6498888.0, 0.3611], [6499000.0, 0.08], [6499001.0, 0.8319], [6499003.0, 0.0025], [6499014.0, 0.005]], "bids": [[6492327.0, 0.01], [6492113.0, 0.01702178], [6492103.0, 0.01802379], [6492097.0, 0.02], [6492011.0, 0.002], [6491924.0, 0.12], [6491862.0, 0.0495], [6491791.0, 0.011], [6491790.0, 0.0784], [6491750.0, 0.0032], [6491520.0, 0.000252], [6491515.0, 0.12], [6491474.0, 0.00446701], [6491114.0, 0.001], [6491111.0, 0.0091937], [6491106.0, 0.12], [6490807.0, 0.0091864], [6490805.0, 0.01838027], [6490802.0, 0.00919493], [6490788.0, 0.0843], [6490713.0, 0.1], [6490697.0, 0.12], [6490470.0, 0.0776], [6490400.0, 0.000252], [6490288.0, 0.12], [6490001.0, 0.0002], [6489996.0, 0.0515], [6489933.0, 0.001], [6489879.0, 0.12], [6489800.0, 0.000352], [6489485.0, 0.24482872], [6489484.0, 0.001], [6489476.0, 0.00918611], [6489310.0, 0.10505621], [6489280.0, 0.000252], [6489065.0, 0.08799386], [6489052.0, 0.0816], [6488874.0, 0.001], [6488751.0, 0.0002], [6488678.0, 0.5]], "timestamp": 1618027197.0037932}
