{"asks": [[6649999.0, 0.0001], [6650000.0, 0.001], [6650286.0, 0.001], [6650294.0, 0.00970825], [6650975.0, 0.0776], [6651249.0, 0.0001], [6651736.0, 0.01475157], [6652322.0, 0.1984], [6652499.0, 0.0001], [6652566.0, 0.0019], [6652677.0, 0.001], [6653679.0, 0.46237016], [6653703.0, 0.00971754], [6653708.0, 0.1560848], [6653709.0, 0.1992], [6653749.0, 0.0001], [6653887.0, 0.0025], [6654076.0, 0.04937503], [6654867.0, 0.121], [6654872.0, 0.00971466], [6654875.0, 0.00970388], [6654883.0, 0.00969253], [6654900.0, 0.001], [6654999.0, 0.0001], [6655106.0, 0.00969785], [6655111.0, 0.01], [6655179.0, 0.02], [6655313.0, 0.12], [6655657.0, 0.05], [6655784.0, 0.14], [6656249.0, 0.1201], [6656903.0, 0.001], [6657447.0, 0.23369235], [6657499.0, 0.0001], [6657719.0, 1.7826], [6658285.0, 0.0655], [6658749.0, 0.0001], [6659671.0, 0.001], [6659999.0, 0.0001], [6660645.0, 0.15]], "bids": [[6649627.0, 0.02774759], [6648328.0, 0.00615], [6648196.0, 0.36005], [6647944.0, 0.12], [6647588.0, 0.048], [6647501.0, 0.1201], [6647362.0, 0.02], [6646306.0, 0.03008244], [6646251.0, 0.1201], [6646193.0, 0.0792], [6645740.0, 0.13], [6645688.0, 0.0485], [6645294.0, 0.12], [6645001.0, 0.0001], [6645000.0, 0.001], [6644850.0, 0.0011], [6644849.0, 0.12], [6644786.0, 0.0752], [6644408.0, 0.002], [6644278.0, 0.005], [6644277.0, 0.0465], [6643751.0, 0.0001], [6643741.0, 0.0036124], [6642969.0, 0.00971754], [6642964.0, 0.00969785], [6642959.0, 0.00971466], [6642955.0, 0.001], [6642953.0, 0.00970388], [6642947.0, 0.00969253], [6642873.0, 0.0832], [6642765.0, 0.0018], [6642743.0, 0.001], [6642501.0, 0.0001], [6642401.0, 0.005], [6642400.0, 0.01], [6642300.0, 0.001], [6642292.0, 0.00970825], [6642081.0, 0.02], [6641913.0, 1.2664], [6641912.0, 0.0515]], "timestamp": 1618034402.0340347}
{"asks": [[6654900.0, 0.001], [6654999.0, 0.0001], [6656249.0, 0.1201], [6656903.0, 0.12], [6657010.0, 0.00922631], [6657056.0, 0.002], [6657075.0, 0.01], [6657300.0, 0.013598], [6657447.0, 0.12], [6657499.0, 0.0001], [6658181.0, 0.04788708], [6658237.0, 0.03973608], [6658429.0, 0.1715], [6658749.0, 0.0001], [6659031.0, 0.1225], [6659050.0, 0.0816], [6659441.0, 0.001], [6659671.0, 0.12], [6659999.0, 0.0001], [6660401.0, 0.1560848], [6660402.0, 0.001], [6660410.0, 0.00970825], [6660417.0, 0.0655], [6660517.0, 0.08], [6660631.0, 0.049], [6661244.0, 0.00971754], [6661249.0, 0.0001], [6661690.0, 0.02], [6661757.0, 0.02], [6662004.0, 0.12675279], [6662009.0, 0.2], [6662336.0, 0.001], [6662354.0, 0.1], [6662499.0, 0.0001], [6662983.0, 0.001], [6662985.0, 0.00970388], [6662988.0, 0.00969253], [6662991.0, 0.16663741], [6663272.0, 0.00971466], [6663275.0, 1.7826]], "bids": [[6653798.0, 0.02215], [6652781.0, 0.01797824], [6652776.0, 0.01], [6652775.0, 0.03594223], [6652769.0, 0.006402], [6652619.0, 0.12], [6652609.0, 0.0776], [6652532.0, 0.03006893], [6652272.0, 0.03], [6652267.0, 0.04], [6652178.0, 0.12], [6651736.0, 0.12], [6651711.0, 0.0011], [6651619.0, 0.0505], [6651492.0, 0.005], [6651296.0, 0.005], [6651294.0, 0.12], [6651165.0, 0.0792], [6650852.0, 0.12], [6650167.0, 0.17], [6649998.0, 0.049], [6649498.0, 0.005], [6649497.0, 0.001], [6649010.0, 0.01283871], [6648959.0, 0.049], [6648900.0, 0.0816], [6648196.0, 0.36005], [6648020.0, 0.0018], [6647638.0, 0.02], [6647538.0, 0.0768], [6647501.0, 0.0001], [6647266.0, 0.01], [6646266.0, 0.006], [6646252.0, 0.23574447], [6646251.0, 0.0001], [6645994.0, 0.001], [6645986.0, 0.02], [6645865.0, 0.0025], [6645052.0, 0.001], [6645003.0, 0.00969253]], "timestamp": 1618034407.0410106}
{"asks": [[6657046.0, 0.003598], [6657499.0, 0.0001], [6658095.0, 0.00922631], [6658180.0, 0.0011], [6658181.0, 0.0655], [6658344.0, 0.03], [6658429.0, 0.12], [6658748.0, 0.01], [6658749.0, 0.0001], [6659031.0, 0.12], [6659338.0, 0.002], [6659671.0, 0.12], [6659985.0, 0.001], [6659999.0, 0.0001], [6660393.0, 0.005], [6660394.0, 0.12], [6660517.0, 0.08], [6660845.0, 0.1225], [6661249.0, 0.0001], [6661533.0, 0.13], [6661690.0, 0.02], [6661980.0, 0.001], [6661985.0, 0.00970388], [6661988.0, 0.01069253], [6661991.0, 0.00971754], [6661996.0, 0.00969785], [6662001.0, 0.00971466], [6662004.0, 0.11705494], [6662352.0, 0.005], [6662499.0, 0.0001], [6662833.0, 0.052], [6662908.0, 0.02], [6662991.0, 0.01663741], [6663268.0, 0.00970825], [6663275.0, 0.003], [6663276.0, 0.1966], [6663600.0, 0.2], [6663749.0, 0.0001], [6664254.0, 0.001], [6664858.0, 0.001]], "bids": [[6656192.0, 0.003], [6656119.0, 0.01798623], [6656113.0, 0.01941241], [6655626.0, 0.002], [6654972.0, 0.04], [6654919.0, 0.0144], [6654818.0, 0.12], [6654559.0, 0.05], [6654378.0, 0.12], [6654367.0, 0.005], [6654140.0, 0.0784], [6654061.0, 0.03006433], [6653938.0, 0.12], [6653852.0, 0.011], [6653851.0, 0.03021], [6653600.0, 0.03693424], [6653498.0, 0.12], [6653205.0, 0.051], [6653058.0, 0.12], [6652618.0, 0.12], [6652609.0, 0.0776], [6651712.0, 0.05], [6651251.0, 0.0001], [6651165.0, 0.0792], [6650167.0, 0.05], [6650091.0, 0.01283871], [6650040.0, 0.001], [6650001.0, 0.0001], [6649615.0, 0.0018], [6649559.0, 0.02], [6648900.0, 0.0816], [6648751.0, 0.0001], [6648720.0, 0.01], [6648209.0, 0.001], [6648206.0, 0.00971754], [6648201.0, 0.00969785], [6647720.0, 0.006], [6647656.0, 0.00970825], [6647654.0, 0.001], [6647649.0, 0.00970388]], "timestamp": 1618034412.001}
{"asks": [[6655320.0, 0.01907229], [6655482.0, 0.0034], [6657501.0, 0.01], [6657502.0, 0.03693424], [6657509.0, 0.002], [6657747.0, 0.00971754], [6657749.0, 0.001], [6657752.0, 0.00969785], [6657757.0, 0.00970825], [6657764.0, 0.051], [6657778.0, 0.03934265], [6657783.0, 0.04788708], [6657871.0, 0.0022], [6657872.0, 0.12], [6657880.0, 0.0792], [6657953.0, 0.03004437], [6658096.0, 0.00970388], [6658102.0, 0.96979], [6658310.0, 0.12], [6658423.0, 0.005], [6658477.0, 0.01], [6658742.0, 0.00208344], [6658748.0, 0.12], [6658749.0, 0.0001], [6659230.0, 0.005], [6659232.0, 0.12], [6659671.0, 0.12], [6659996.0, 0.0505], [6659999.0, 0.0001], [6660186.0, 0.001], [6660351.0, 0.12], [6660401.0, 0.0655], [6660459.0, 0.0784], [6661247.0, 0.005], [6661249.0, 0.0001], [6661382.0, 0.0505], [6661858.0, 0.0776], [6661949.0, 0.07239965], [6662138.0, 0.0025], [6662433.0, 0.01]], "bids": [[6653874.0, 0.002], [6653491.0, 0.01798623], [6653485.0, 0.0099], [6653478.0, 0.01], [6653392.0, 0.03], [6653387.0, 0.0465], [6652609.0, 0.12], [6651923.0, 0.016402], [6651833.0, 0.048], [6651712.0, 0.12], [6651251.0, 0.1201], [6651165.0, 0.0792], [6650728.0, 0.01492215], [6650241.0, 0.001], [6650175.0, 0.001], [6650173.0, 0.00971754], [6650168.0, 0.0055], [6650167.0, 0.17], [6650113.0, 0.006], [6650042.0, 0.0018], [6650001.0, 0.0001], [6649613.0, 0.001], [6649610.0, 0.00969785], [6649605.0, 0.00971466], [6649602.0, 0.00970825], [6649595.0, 0.00970388], [6649589.0, 0.46396026], [6649559.0, 0.14], [6649456.0, 0.24767986], [6649144.0, 0.0655], [6648997.0, 0.14], [6648927.0, 0.02], [6648751.0, 0.0001], [6648106.0, 0.001], [6647922.0, 0.0025], [6647909.0, 0.0784], [6647672.0, 0.00969253], [6647659.0, 0.04567704], [6647501.0, 0.0001], [6647457.0, 0.1]], "timestamp": 1618034417.064775}
{"asks": [[6655279.0, 0.0009], [6655316.0, 0.003], [6655319.0, 0.01], [6656197.0, 0.002], [6656381.0, 0.01], [6656382.0, 0.00970825], [6656389.0, 0.0816], [6656558.0, 0.12], [6656973.0, 0.001], [6656984.0, 0.051], [6656996.0, 0.12], [6657125.0, 0.03004412], [6657294.0, 0.04741295], [6657430.0, 0.00208344], [6657434.0, 0.12], [6657501.0, 0.0022], [6657741.0, 0.00970388], [6657862.0, 0.00971754], [6657867.0, 0.00969785], [6657872.0, 0.12], [6657880.0, 0.0792], [6658041.0, 0.03934265], [6658102.0, 0.96979], [6658309.0, 0.005], [6658310.0, 0.1855], [6658480.0, 0.0515], [6658748.0, 0.12], [6658749.0, 0.0001], [6659314.0, 0.001], [6659966.0, 0.07239965], [6659995.0, 0.005], [6659996.0, 0.0505], [6659999.0, 0.0001], [6660459.0, 0.0784], [6661246.0, 0.1560848], [6661249.0, 0.0001], [6661382.0, 0.0505], [6661407.0, 0.0025], [6661847.0, 0.001], [6661852.0, 0.00971466]], "bids": [[6652393.0, 0.01], [6652273.0, 0.03622047], [6652267.0, 0.0154], [6652266.0, 0.06], [6652151.0, 0.016402], [6651712.0, 0.12], [6651581.0, 0.0824], [6651251.0, 0.1201], [6651139.0, 0.002], [6650175.0, 0.0784], [6650167.0, 0.17], [6650001.0, 0.0001], [6649581.0, 0.0018], [6649559.0, 0.12], [6649424.0, 0.01492215], [6649371.0, 0.001], [6649144.0, 0.0655], [6648997.0, 0.12], [6648874.0, 0.01], [6648751.0, 0.0001], [6647909.0, 0.1984], [6647874.0, 0.006], [6647531.0, 0.49582907], [6647501.0, 0.0001], [6647375.0, 0.02], [6647363.0, 0.0025], [6646992.0, 0.049], [6646703.0, 0.01], [6646453.0, 0.02], [6646378.0, 0.02], [6646251.0, 0.0001], [6645029.0, 0.00971754], [6645024.0, 0.001], [6645021.0, 0.00969785], [6645016.0, 0.00971466], [6645013.0, 0.00970825], [6645008.0, 0.001], [6645006.0, 0.00970388], [6645004.0, 0.00969253], [6645002.0, 0.24121553]], "timestamp": 1618034422.006842}
{"asks": [[6654706.0, 0.001], [6655000.0, 0.003], [6656383.0, 0.001], [6656389.0, 0.0816], [6656558.0, 0.12], [6656967.0, 0.00971754], [6656969.0, 0.001], [6656972.0, 0.00969785], [6656977.0, 0.00970825], [6656983.0, 0.0099], [6656996.0, 0.12], [6657096.0, 0.002], [6657420.0, 0.01], [6657434.0, 0.12], [6657656.0, 0.03004744], [6657846.0, 0.00970388], [6657852.0, 0.00971466], [6657872.0, 0.12], [6657880.0, 0.0792], [6658102.0, 0.96979], [6658273.0, 0.00208344], [6658309.0, 0.003], [6658310.0, 0.1855], [6658480.0, 0.0515], [6658748.0, 0.12], [6658749.0, 0.0001], [6659468.0, 0.005], [6659996.0, 0.0505], [6659999.0, 0.0001], [6660063.0, 0.001], [6660459.0, 0.0784], [6660489.0, 0.0025], [6661218.0, 0.07239965], [6661245.0, 0.005], [6661249.0, 0.0001], [6661343.0, 0.01], [6661382.0, 0.0505], [6661528.0, 0.02], [6661835.0, 0.001], [6661840.0, 0.00969253]], "bids": [[6653101.0, 0.03021], [6652921.0, 0.016402], [6652638.0, 0.01798623], [6652636.0, 0.03], [6652627.0, 0.0033], [6652625.0, 0.175], [6652405.0, 0.0466], [6652281.0, 0.002], [6652266.0, 0.06], [6652150.0, 0.12], [6651712.0, 0.12], [6651251.0, 0.1201], [6650266.0, 0.01492215], [6650175.0, 0.0784], [6650167.0, 0.17], [6650118.0, 0.001], [6650001.0, 0.0001], [6649944.0, 0.0018], [6649559.0, 0.12], [6648997.0, 0.12], [6648874.0, 0.01], [6648751.0, 0.0001], [6647967.0, 0.47167905], [6647936.0, 0.00971754], [6647931.0, 0.001], [6647928.0, 0.00969785], [6647923.0, 0.00971466], [6647919.0, 0.00970825], [6647909.0, 0.0784], [6647501.0, 0.0001], [6646992.0, 0.049], [6646847.0, 0.0025], [6646718.0, 0.001], [6646710.0, 0.00970388], [6646707.0, 0.00969253], [6646704.0, 0.23932626], [6646644.0, 0.0655], [6646393.0, 0.006], [6646375.0, 0.02], [6646252.0, 1.2652]], "timestamp": 1618034427.0044925}
{"asks": [[6657499.0, 0.0001], [6657829.0, 0.00971754], [6657831.0, 0.001], [6657834.0, 0.00969785], [6658310.0, 0.12], [6658394.0, 0.049], [6658423.0, 0.002], [6658603.0, 0.0066], [6658748.0, 0.12], [6658749.0, 0.0001], [6659658.0, 0.0783], [6659735.0, 0.00208344], [6659993.0, 0.12], [6659996.0, 0.0505], [6659999.0, 0.0001], [6660166.0, 0.01], [6660167.0, 0.0112668], [6660459.0, 0.1984], [6660735.0, 0.0655], [6661218.0, 0.12], [6661249.0, 0.0001], [6661343.0, 0.01], [6661382.0, 0.0505], [6661837.0, 0.12971466], [6661858.0, 0.0776], [6662370.0, 0.005], [6662372.0, 0.02], [6662499.0, 0.0001], [6662653.0, 0.001], [6662931.0, 0.02], [6663276.0, 0.1966], [6663587.0, 0.0025], [6663749.0, 0.0001], [6664049.0, 0.005], [6664051.0, 0.001], [6664489.0, 0.001], [6664985.0, 0.001], [6664986.0, 0.00970825], [6664993.0, 0.00970388], [6664999.0, 0.0001]], "bids": [[6656294.0, 0.003], [6656160.0, 0.0099], [6655225.0, 0.01796123], [6655219.0, 0.05392047], [6655131.0, 0.005], [6654701.0, 0.0011], [6653464.0, 0.12], [6653287.0, 0.0816], [6653263.0, 0.002], [6653026.0, 0.12], [6652704.0, 0.001], [6652625.0, 0.175], [6652588.0, 0.12], [6652266.0, 0.06], [6652150.0, 0.12], [6652087.0, 0.0018], [6651729.0, 0.01492215], [6651631.0, 0.1992], [6651608.0, 0.049], [6651251.0, 0.0001], [6651021.0, 0.13], [6650175.0, 0.0784], [6650167.0, 0.05], [6650071.0, 0.0025], [6650001.0, 0.0001], [6649282.0, 0.01], [6649177.0, 0.001], [6648997.0, 0.0655], [6648751.0, 0.0001], [6648001.0, 0.001], [6648000.0, 0.00970825], [6647993.0, 0.00970388], [6647990.0, 0.00969253], [6647987.0, 0.00971754], [6647982.0, 0.001], [6647979.0, 0.00969785], [6647977.0, 0.00971466], [6647501.0, 0.0001], [6647283.0, 0.02], [6647135.0, 0.02]], "timestamp": 1618034432.0131898}
{"asks": [[6657825.0, 0.001], [6658309.0, 0.0011], [6658310.0, 0.12], [6658740.0, 0.002], [6658748.0, 0.12], [6658749.0, 0.0001], [6658971.0, 0.0101], [6658984.0, 0.0112669], [6658987.0, 0.0783], [6659033.0, 0.08], [6659991.0, 0.01], [6659993.0, 0.12], [6659999.0, 0.0001], [6660108.0, 0.03934265], [6660200.0, 0.00208344], [6660222.0, 0.04741295], [6660459.0, 0.1984], [6660735.0, 0.0655], [6661216.0, 0.005], [6661218.0, 0.12], [6661249.0, 0.0001], [6661382.0, 0.0505], [6661837.0, 0.12], [6661858.0, 0.0776], [6662499.0, 0.0001], [6662926.0, 0.0025], [6663242.0, 0.005], [6663245.0, 0.07239965], [6663749.0, 0.0001], [6664378.0, 0.01], [6664448.0, 0.049], [6664504.0, 0.02], [6664950.0, 0.01071754], [6664953.0, 0.00969785], [6664955.0, 0.00971466], [6664958.0, 0.001], [6664959.0, 0.00970825], [6664966.0, 0.00970388], [6664969.0, 0.01269253], [6664999.0, 0.0001]], "bids": [[6654789.0, 0.003], [6654456.0, 0.03], [6654451.0, 0.0485], [6654424.0, 0.01899196], [6654418.0, 0.05389547], [6654342.0, 0.0066], [6654339.0, 0.12], [6654000.0, 0.03], [6653907.0, 0.00971754], [6653902.0, 0.12], [6653675.0, 0.0799], [6653472.0, 0.001], [6653464.0, 0.12], [6653380.0, 0.002], [6653287.0, 0.0816], [6653192.0, 0.0776], [6653026.0, 0.12], [6652961.0, 0.0505], [6652625.0, 0.175], [6652588.0, 0.12], [6652470.0, 0.001], [6652266.0, 0.03], [6652246.0, 0.0018], [6652193.0, 0.01492215], [6652150.0, 0.12], [6651631.0, 0.0792], [6651608.0, 0.049], [6651251.0, 0.0001], [6650240.0, 0.001], [6650237.0, 0.00969785], [6650235.0, 0.00971466], [6650232.0, 0.00970825], [6650225.0, 0.01], [6650208.0, 0.00969253], [6650205.0, 0.45314024], [6650175.0, 0.0784], [6650167.0, 0.05], [6650001.0, 0.0001], [6649518.0, 0.0025], [6649421.0, 0.02]], "timestamp": 1618034437.0428813}
{"asks": [[6658143.0, 0.006], [6658146.0, 0.03], [6658748.0, 0.12], [6658749.0, 0.0001], [6659033.0, 0.08], [6659530.0, 0.0022], [6659531.0, 0.0806], [6659774.0, 0.002], [6659993.0, 0.12], [6659999.0, 0.0001], [6660073.0, 0.0101], [6660143.0, 0.0112678], [6660458.0, 0.01], [6660459.0, 0.1984], [6660735.0, 0.0655], [6661218.0, 0.12], [6661249.0, 0.0001], [6661382.0, 0.0505], [6661713.0, 0.00208344], [6661837.0, 0.12], [6661858.0, 0.0776], [6662495.0, 0.005], [6662498.0, 0.12], [6662499.0, 0.0001], [6662697.0, 0.001], [6662926.0, 0.0025], [6663749.0, 0.0001], [6663838.0, 0.01], [6664347.0, 0.005], [6664348.0, 0.07239965], [6664448.0, 0.049], [6664813.0, 0.02], [6664920.0, 0.001], [6664928.0, 0.00970388], [6664934.0, 0.01071754], [6664937.0, 0.00969785], [6664939.0, 0.00971466], [6664942.0, 0.00970825], [6664949.0, 0.1560848], [6664999.0, 0.0001]], "bids": [[6656251.0, 0.0001], [6656006.0, 0.0539257], [6656000.0, 0.03], [6655892.0, 0.005], [6655001.0, 0.0001], [6654802.0, 0.0044], [6654785.0, 0.001], [6654777.0, 0.12], [6654510.0, 0.001], [6654507.0, 0.01941539], [6654499.0, 0.00971466], [6654451.0, 0.0485], [6654339.0, 0.12], [6654291.0, 0.0806], [6654000.0, 0.03], [6653902.0, 0.12], [6653751.0, 0.0001], [6653703.0, 0.01492215], [6653693.0, 0.002], [6653675.0, 0.0799], [6653464.0, 0.12], [6653287.0, 0.0816], [6653026.0, 0.12], [6652961.0, 0.0505], [6652758.0, 0.0018], [6652749.0, 0.001], [6652625.0, 0.175], [6652588.0, 0.12], [6652501.0, 0.0001], [6651631.0, 0.0792], [6651608.0, 0.049], [6651287.0, 0.00970388], [6651281.0, 0.4898743], [6651251.0, 0.0001], [6650253.0, 0.00970825], [6650225.0, 0.01], [6650175.0, 0.0784], [6650167.0, 0.05], [6650001.0, 0.0001], [6649569.0, 0.02]], "timestamp": 1618034442.0333385}
{"asks": [[6658748.0, 0.12], [6658749.0, 0.0001], [6659247.0, 0.048], [6659788.0, 0.0033], [6659789.0, 0.0798], [6659913.0, 0.002], [6659993.0, 0.12], [6659999.0, 0.0001], [6660317.0, 0.0806], [6660459.0, 0.1984], [6660629.0, 0.0101], [6660658.0, 0.01126602], [6660734.0, 0.01], [6660735.0, 0.0655], [6661218.0, 0.12], [6661245.0, 0.12], [6661249.0, 0.0001], [6661382.0, 0.0505], [6661443.0, 0.04741295], [6661837.0, 0.12], [6661858.0, 0.0776], [6661941.0, 0.00208344], [6662277.0, 0.03934265], [6662498.0, 0.12], [6662499.0, 0.0001], [6663321.0, 0.005], [6663322.0, 0.001], [6663749.0, 0.0001], [6663886.0, 0.0025], [6664447.0, 0.005], [6664448.0, 0.049], [6664712.0, 0.01], [6664875.0, 0.00970825], [6664882.0, 0.07239965], [6664906.0, 0.00970388], [6664912.0, 0.00969785], [6664914.0, 0.00971466], [6664999.0, 0.0001], [6665337.0, 0.001], [6665345.0, 0.01069253]], "bids": [[6656261.0, 0.005], [6656251.0, 0.0001], [6656040.0, 0.01798623], [6656034.0, 0.01797824], [6656000.0, 0.03], [6655333.0, 0.01941539], [6655328.0, 0.0077], [6655215.0, 0.12], [6655001.0, 0.0001], [6654988.0, 0.0776], [6654777.0, 0.12], [6654763.0, 0.0798], [6654459.0, 0.001], [6654454.0, 0.00971466], [6654357.0, 0.001], [6654356.0, 0.00970825], [6654339.0, 0.12], [6654312.0, 0.0495], [6654291.0, 0.0806], [6654000.0, 0.03], [6653930.0, 0.01492215], [6653907.0, 0.002], [6653902.0, 0.12], [6653751.0, 0.0001], [6653730.0, 0.0018], [6653464.0, 0.12], [6653373.0, 0.001], [6653287.0, 0.0816], [6653223.0, 0.1209], [6653026.0, 0.12], [6652961.0, 0.0505], [6652625.0, 0.175], [6652501.0, 0.0001], [6651661.0, 0.49560058], [6651631.0, 0.0792], [6651608.0, 0.049], [6651251.0, 0.0101], [6650512.0, 0.00969253], [6650509.0, 1.1587], [6650508.0, 0.0025]], "timestamp": 1618034447.0153725}
{"asks": [[6657715.0, 0.006], [6658300.0, 0.03], [6658382.0, 0.002], [6658679.0, 0.12], [6658749.0, 0.0001], [6659116.0, 0.0022], [6659117.0, 0.12], [6659555.0, 0.12], [6659858.0, 0.0101], [6659965.0, 0.01126643], [6659992.0, 0.01], [6659993.0, 0.12], [6659999.0, 0.0001], [6660114.0, 0.00208344], [6660459.0, 0.1984], [6660735.0, 0.0655], [6661022.0, 0.04741295], [6661037.0, 0.03934265], [6661218.0, 0.12], [6661249.0, 0.0001], [6661382.0, 0.0505], [6661857.0, 0.005], [6661858.0, 0.0776], [6662499.0, 0.0001], [6662553.0, 0.001], [6663748.0, 0.005], [6663749.0, 0.0001], [6663982.0, 0.0025], [6664448.0, 0.049], [6664572.0, 0.01], [6664853.0, 0.00971466], [6664856.0, 0.00970825], [6664858.0, 0.001], [6664863.0, 0.00969253], [6664866.0, 0.00970388], [6664903.0, 0.02], [6664982.0, 0.001], [6664999.0, 0.0031], [6665331.0, 0.1560848], [6665337.0, 0.001]], "bids": [[6656172.0, 0.003], [6656000.0, 0.01470571], [6655001.0, 0.0001], [6654783.0, 0.0143], [6654000.0, 0.03], [6653902.0, 0.12], [6653751.0, 0.0001], [6653472.0, 0.002], [6653467.0, 0.00971466], [6653464.0, 0.12], [6653287.0, 0.0816], [6653026.0, 0.12], [6652961.0, 0.0505], [6652632.0, 0.00970825], [6652625.0, 0.175], [6652605.0, 0.001], [6652501.0, 0.1201], [6652409.0, 0.002], [6652106.0, 0.01492215], [6651890.0, 0.00969253], [6651887.0, 0.00970388], [6651881.0, 0.2752], [6651631.0, 0.0792], [6651608.0, 0.049], [6651404.0, 0.0018], [6651251.0, 0.1301], [6650640.0, 0.0025], [6650513.0, 0.23230133], [6650175.0, 0.0784], [6650167.0, 0.05], [6650001.0, 0.0001], [6650000.0, 0.006], [6649902.0, 0.02], [6649616.0, 1.2645], [6649388.0, 0.01], [6649105.0, 0.02], [6648997.0, 0.0655], [6648821.0, 0.02], [6648767.0, 0.1], [6648751.0, 0.0001]], "timestamp": 1618034452.0019214}
{"asks": [[6659972.0, 0.00208344], [6659999.0, 0.0001], [6660735.0, 0.0655], [6660786.0, 0.002], [6661247.0, 0.01], [6661248.0, 0.0077], [6661249.0, 0.1201], [6661858.0, 0.12], [6661859.0, 0.01126272], [6662283.0, 0.04741295], [6662348.0, 0.03934265], [6662424.0, 0.12], [6662499.0, 0.0001], [6663080.0, 0.0824], [6663576.0, 0.005], [6663577.0, 0.12], [6663578.0, 0.0025], [6663749.0, 0.0001], [6664411.0, 0.12970825], [6664418.0, 0.07239965], [6664448.0, 0.049], [6664566.0, 0.001], [6664883.0, 0.121], [6664886.0, 0.01941539], [6664891.0, 0.01], [6664900.0, 0.00969253], [6664905.0, 0.005], [6664991.0, 0.001], [6664996.0, 0.00971466], [6664999.0, 0.0001], [6665241.0, 0.001], [6665317.0, 0.00970388], [6665351.0, 0.02], [6665353.0, 0.11705494], [6665561.0, 0.02], [6665895.0, 0.00866919], [6666154.0, 0.0022], [6666249.0, 0.0001], [6666373.0, 0.02], [6666765.0, 0.02]], "bids": [[6657717.0, 0.0055], [6657100.0, 0.003], [6657082.0, 0.005], [6656673.0, 0.0099], [6656672.0, 0.01797824], [6656666.0, 0.06], [6656523.0, 0.12], [6656443.0, 0.08], [6656086.0, 0.12], [6656000.0, 0.01470571], [6655649.0, 0.12], [6655212.0, 0.12], [6655001.0, 0.0001], [6654934.0, 0.002], [6654795.0, 0.0808], [6654775.0, 0.12], [6654338.0, 0.12], [6654000.0, 0.03], [6653751.0, 0.0001], [6653485.0, 0.002], [6653482.0, 0.01941539], [6653287.0, 0.0816], [6653006.0, 0.001], [6652961.0, 0.0505], [6652501.0, 0.0001], [6652260.0, 0.0018], [6652100.0, 0.01], [6651964.0, 0.01492215], [6651909.0, 0.00971466], [6651906.0, 0.00970825], [6651899.0, 0.00969253], [6651896.0, 0.00970388], [6651631.0, 0.0792], [6651608.0, 0.049], [6651267.0, 0.02], [6651251.0, 0.0001], [6651100.0, 0.006], [6650670.0, 0.47618469], [6650297.0, 0.02], [6650001.0, 0.0001]], "timestamp": 1618034457.0389266}
{"asks": [[6661527.0, 0.04], [6661528.0, 0.002], [6662274.0, 0.01], [6662277.0, 0.0066], [6662499.0, 0.0001], [6663577.0, 0.12], [6663749.0, 0.0001], [6664406.0, 0.005], [6664411.0, 0.1855], [6664461.0, 0.01126143], [6664883.0, 0.12], [6664999.0, 0.0001], [6665351.0, 0.12], [6665561.0, 0.02], [6665699.0, 0.001], [6665890.0, 0.125], [6665895.0, 0.00866919], [6666106.0, 0.0792], [6666154.0, 0.0022], [6666217.0, 0.0485], [6666249.0, 0.0001], [6666756.0, 0.12969253], [6666765.0, 0.02], [6666796.0, 0.021], [6666968.0, 0.0025], [6667062.0, 0.001], [6667064.0, 0.00970388], [6667067.0, 0.001], [6667070.0, 0.01941539], [6667075.0, 0.00971466], [6667078.0, 0.07239965], [6667101.0, 0.00970825], [6667108.0, 0.13369235], [6667343.0, 0.0002], [6667384.0, 0.08998502], [6667498.0, 0.1560848], [6667499.0, 0.0001], [6667718.0, 0.01], [6667813.0, 0.0776], [6668209.0, 0.004]], "bids": [[6661105.0, 0.003], [6661062.0, 0.00815138], [6661057.0, 0.01], [6659300.0, 0.0495], [6658677.0, 0.001], [6658671.0, 0.04741295], [6658585.0, 0.04049697], [6658279.0, 0.09087366], [6658271.0, 0.12], [6658269.0, 0.0022], [6658268.0, 0.02], [6658214.0, 0.0776], [6657834.0, 0.12], [6657664.0, 0.002], [6657397.0, 0.12], [6657109.0, 0.001], [6657100.0, 0.178], [6656960.0, 0.12], [6656803.0, 0.0485], [6656666.0, 0.06], [6656643.0, 0.0149999], [6656523.0, 0.12], [6656443.0, 0.08], [6656086.0, 0.12], [6656000.0, 0.01470571], [6655746.0, 0.001], [6655021.0, 0.0018], [6655001.0, 0.0001], [6655000.0, 0.001], [6654795.0, 0.0808], [6654007.0, 0.00970388], [6654001.0, 1.2641], [6654000.0, 0.03], [6653751.0, 0.0001], [6653378.0, 0.01], [6653295.0, 0.001], [6653292.0, 0.01941539], [6653287.0, 0.0816], [6653039.0, 0.00971466], [6653036.0, 0.47153828]], "timestamp": 1618034462.0129757}
{"asks": [[6662496.0, 0.008], [6662499.0, 0.0001], [6663244.0, 0.002], [6663353.0, 0.0011], [6663577.0, 0.12], [6663622.0, 0.048], [6663749.0, 0.0001], [6663884.0, 0.08], [6664351.0, 0.01], [6664355.0, 0.0799], [6664411.0, 0.1855], [6664461.0, 0.01126143], [6664740.0, 0.0776], [6664883.0, 0.12], [6664999.0, 0.0001], [6665021.0, 0.1199], [6665351.0, 0.12], [6665561.0, 0.02], [6665887.0, 0.005], [6665890.0, 0.12], [6665895.0, 0.00866919], [6666106.0, 0.0792], [6666154.0, 0.0022], [6666217.0, 0.0485], [6666225.0, 0.001], [6666249.0, 0.0001], [6666738.0, 0.001], [6666756.0, 0.12], [6666765.0, 0.02], [6666796.0, 0.021], [6667343.0, 0.0002], [6667499.0, 0.0001], [6667715.0, 0.005], [6667797.0, 0.001], [6667799.0, 0.00970388], [6667805.0, 0.01941539], [6667810.0, 0.00971466], [6667813.0, 0.0776], [6668276.0, 0.02], [6668412.0, 0.00970825]], "bids": [[6660160.0, 0.02], [6659695.0, 0.048], [6659643.0, 0.002], [6659419.0, 0.0022], [6659322.0, 0.005], [6659300.0, 0.0495], [6659145.0, 0.12], [6659000.0, 0.03], [6658751.0, 0.0001], [6658713.0, 0.00971754], [6658708.0, 0.12], [6658678.0, 0.0797], [6658671.0, 0.04741295], [6658585.0, 0.04049697], [6658271.0, 0.12], [6658214.0, 0.0776], [6658079.0, 0.0801], [6657834.0, 0.12], [6657706.0, 0.1195], [6657501.0, 0.0001], [6657397.0, 0.12], [6657100.0, 0.178], [6657054.0, 0.0149999], [6656960.0, 0.12], [6656803.0, 0.0485], [6656666.0, 0.06], [6656443.0, 0.08], [6656299.0, 0.0018], [6656273.0, 0.001], [6656251.0, 0.0001], [6656000.0, 0.01470571], [6655001.0, 0.0001], [6655000.0, 0.001], [6654795.0, 0.0808], [6654603.0, 0.006], [6654476.0, 0.0025], [6654248.0, 0.02], [6654046.0, 0.00970825], [6654042.0, 0.00969253], [6654039.0, 0.001]], "timestamp": 1618034467.033}
{"asks": [[6662139.0, 0.002], [6662267.0, 0.01907229], [6662499.0, 0.0001], [6662663.0, 0.12], [6662834.0, 0.02], [6663100.0, 0.12], [6663252.0, 0.0088], [6663253.0, 0.0776], [6663531.0, 0.01], [6663537.0, 0.12], [6663740.0, 0.01125788], [6663749.0, 0.0001], [6663912.0, 0.051], [6663974.0, 0.12], [6664411.0, 0.1855], [6664740.0, 0.0776], [6664864.0, 0.001], [6664882.0, 0.005], [6664883.0, 0.12], [6664999.0, 0.0001], [6665368.0, 0.0495], [6665561.0, 0.02], [6665895.0, 0.00866919], [6666106.0, 0.0792], [6666154.0, 0.0022], [6666249.0, 0.0001], [6666754.0, 0.005], [6666765.0, 0.02], [6666796.0, 0.021], [6666894.0, 0.048], [6667343.0, 0.0002], [6667499.0, 0.0001], [6668243.0, 0.07239965], [6668419.0, 0.0525], [6668505.0, 0.0025], [6668733.0, 0.001], [6668736.0, 0.01941539], [6668741.0, 0.00971466], [6668749.0, 0.0001], [6669130.0, 0.00970825]], "bids": [[6660086.0, 0.08750896], [6659001.0, 0.0022], [6659000.0, 0.03], [6658751.0, 0.0001], [6658485.0, 0.002], [6658386.0, 0.0149999], [6658271.0, 0.12], [6657834.0, 0.12], [6657501.0, 0.0001], [6657220.0, 0.00971754], [6657215.0, 0.12], [6657100.0, 0.178], [6656803.0, 0.0485], [6656666.0, 0.18], [6656483.0, 0.0018], [6656443.0, 0.08], [6656251.0, 0.0001], [6656000.0, 0.13470571], [6655640.0, 0.01], [6655001.0, 0.1201], [6655000.0, 0.001], [6654914.0, 0.001], [6654795.0, 0.0808], [6654603.0, 0.006], [6654559.0, 0.0025], [6654173.0, 0.02], [6654075.0, 0.001], [6654072.0, 0.00969785], [6654067.0, 0.00971466], [6654064.0, 0.00970825], [6654060.0, 0.00969253], [6654057.0, 0.001], [6654056.0, 0.003], [6654055.0, 1.27330388], [6654050.0, 0.236436], [6653861.0, 0.01], [6653781.0, 0.46685428], [6653751.0, 0.0001], [6653748.0, 0.02], [6653394.0, 0.02]], "timestamp": 1618034472.033941}
{"asks": [[6661113.0, 0.002], [6662658.0, 0.03], [6662663.0, 0.12], [6663100.0, 0.12], [6663222.0, 0.02], [6663252.0, 0.01], [6663253.0, 0.0776], [6663329.0, 0.0011], [6663511.0, 0.01125947], [6663537.0, 0.12], [6663749.0, 0.0001], [6663974.0, 0.12], [6663984.0, 0.03184126], [6664014.0, 0.0495], [6664411.0, 0.1855], [6664740.0, 0.0776], [6664882.0, 0.12], [6664999.0, 0.0001], [6665091.0, 0.001], [6665366.0, 0.005], [6665368.0, 0.0495], [6665561.0, 0.02], [6665895.0, 0.00866919], [6666106.0, 0.0792], [6666154.0, 0.0022], [6666249.0, 0.0001], [6666765.0, 0.02], [6666894.0, 0.048], [6667342.0, 0.005], [6667343.0, 0.0002], [6667499.0, 0.0001], [6668089.0, 0.01], [6668154.0, 0.0025], [6668163.0, 0.001], [6668222.0, 0.001], [6668225.0, 0.00971754], [6668230.0, 0.00971466], [6668233.0, 0.00969253], [6668236.0, 0.00970825], [6668722.0, 0.00969785]], "bids": [[6661000.0, 0.019901], [6660516.0, 0.005], [6660001.0, 0.0001], [6659001.0, 0.0022], [6659000.0, 0.03], [6658963.0, 0.12], [6658751.0, 0.0001], [6658526.0, 0.12], [6658213.0, 0.0515], [6658212.0, 0.04741295], [6658089.0, 0.12], [6657806.0, 0.0768], [6657652.0, 0.12], [6657501.0, 0.0001], [6657485.0, 0.002], [6657215.0, 0.12], [6657100.0, 0.178], [6656803.0, 0.0485], [6656666.0, 0.15], [6656495.0, 0.0149999], [6656443.0, 0.08], [6656251.0, 0.0001], [6656000.0, 0.01470571], [6655640.0, 0.01], [6655455.0, 0.0018], [6655140.0, 0.001], [6655004.0, 0.00969253], [6655001.0, 0.0001], [6655000.0, 0.001], [6654795.0, 0.0808], [6654603.0, 0.006], [6654096.0, 0.001], [6654093.0, 0.01941539], [6654088.0, 0.00971466], [6654085.0, 0.00970825], [6654083.0, 0.001], [6654078.0, 0.00970388], [6654055.0, 1.2636], [6653958.0, 0.0025], [6653751.0, 0.0001]], "timestamp": 1618034477.0969794}
{"asks": [[6662646.0, 0.02], [6663100.0, 0.12], [6663226.0, 0.0033], [6663351.0, 0.03184126], [6663537.0, 0.12], [6663746.0, 0.02], [6663749.0, 0.0001], [6663782.0, 0.002], [6663974.0, 0.12], [6664410.0, 0.01], [6664411.0, 0.1855], [6664504.0, 0.01125987], [6664740.0, 0.0776], [6664882.0, 0.12], [6664999.0, 0.0001], [6665368.0, 0.12], [6665377.0, 0.021], [6665418.0, 0.001], [6665561.0, 0.02], [6665894.0, 0.005], [6665895.0, 0.00866919], [6666106.0, 0.0792], [6666154.0, 0.0022], [6666249.0, 0.0001], [6666765.0, 0.02], [6666894.0, 0.048], [6667343.0, 0.0002], [6667499.0, 0.0001], [6667769.0, 0.0025], [6668040.0, 0.001], [6668044.0, 0.005], [6668045.0, 0.001], [6668048.0, 0.00969785], [6668053.0, 0.00971466], [6668059.0, 0.07239965], [6668696.0, 0.00970825], [6668703.0, 0.00970388], [6668709.0, 0.00971754], [6668749.0, 0.0031], [6668872.0, 0.001]], "bids": [[6659371.0, 0.003], [6659007.0, 0.00408822], [6659006.0, 0.03994796], [6659001.0, 0.0022], [6659000.0, 0.03], [6658963.0, 0.12], [6658751.0, 0.0001], [6658526.0, 0.12], [6658213.0, 0.0515], [6658089.0, 0.12], [6657806.0, 0.0768], [6657652.0, 0.12], [6657501.0, 0.0001], [6657215.0, 0.12], [6657100.0, 0.178], [6657017.0, 0.0149999], [6656803.0, 0.0485], [6656666.0, 0.15], [6656443.0, 0.08], [6656251.0, 0.0001], [6656000.0, 0.01470571], [6655640.0, 0.01], [6655473.0, 0.0018], [6655467.0, 0.001], [6655002.0, 0.156], [6655001.0, 0.0001], [6655000.0, 0.001], [6654795.0, 0.0808], [6654603.0, 0.006], [6654171.0, 0.001], [6654169.0, 0.00970388], [6654163.0, 0.00969785], [6654158.0, 0.00971754], [6654153.0, 0.01], [6654117.0, 0.001], [6654112.0, 0.00971466], [6653883.0, 0.0025], [6653788.0, 0.00970825], [6653781.0, 0.49684546], [6653751.0, 0.0001]], "timestamp": 1618034482.004435}
{"asks": [[6660897.0, 0.003], [6661098.0, 0.005], [6661108.0, 0.01907229], [6661249.0, 0.0001], [6661807.0, 0.0808], [6661830.0, 0.0486], [6662297.0, 0.0505], [6662496.0, 0.081], [6662499.0, 0.0001], [6662636.0, 0.03184126], [6662639.0, 0.01], [6662640.0, 0.01798623], [6662646.0, 0.01], [6662663.0, 0.12], [6662816.0, 0.01126118], [6663043.0, 0.0066], [6663044.0, 0.0796], [6663100.0, 0.12], [6663190.0, 0.002], [6663355.0, 0.0816], [6663537.0, 0.12], [6663675.0, 0.02], [6663749.0, 0.0001], [6663866.0, 0.0515], [6663974.0, 0.12], [6664411.0, 0.12], [6664620.0, 0.005], [6664740.0, 0.0776], [6664882.0, 0.12], [6664970.0, 0.001], [6664999.0, 0.0001], [6665334.0, 0.051], [6665377.0, 0.021], [6665561.0, 0.02], [6665895.0, 0.00866919], [6666106.0, 0.0792], [6666154.0, 0.0022], [6666249.0, 0.0001], [6666740.0, 0.005], [6666741.0, 0.0655]], "bids": [[6659000.0, 0.0054], [6658824.0, 0.002], [6658751.0, 0.0001], [6658531.0, 0.03], [6658527.0, 0.0088], [6658166.0, 0.0486], [6657741.0, 0.0795], [6657652.0, 0.12], [6657501.0, 0.0001], [6657215.0, 0.12], [6657100.0, 0.003], [6657002.0, 0.0796], [6656666.0, 0.15], [6656465.0, 0.0149999], [6656443.0, 0.08], [6656251.0, 0.0001], [6656000.0, 0.13470571], [6655181.0, 0.1218], [6655019.0, 0.001], [6655001.0, 0.0001], [6655000.0, 0.001], [6654975.0, 0.05], [6654857.0, 0.01], [6654795.0, 0.0808], [6654211.0, 0.12970585], [6654208.0, 0.00970825], [6654201.0, 0.001], [6654199.0, 0.00970388], [6654193.0, 0.45470604], [6654176.0, 0.01941539], [6654056.0, 0.23576889], [6653892.0, 0.001], [6653887.0, 0.00971466], [6653884.0, 1.2638], [6653857.0, 0.006], [6653751.0, 0.0001], [6653553.0, 0.0025], [6653445.0, 0.01], [6653297.0, 0.02], [6653287.0, 0.0816]], "timestamp": 1618034487.0023258}
{"asks": [[6660730.0, 0.003], [6660923.0, 0.001], [6661140.0, 0.0031], [6661543.0, 0.002], [6662219.0, 0.001], [6662225.0, 0.01], [6662226.0, 0.12], [6662256.0, 0.01126132], [6662367.0, 0.049], [6662499.0, 0.0001], [6662663.0, 0.12], [6662700.0, 0.02], [6662815.0, 0.0022], [6663044.0, 0.0796], [6663100.0, 0.12], [6663202.0, 0.03184126], [6663355.0, 0.0816], [6663537.0, 0.12], [6663749.0, 0.0001], [6663866.0, 0.0515], [6663973.0, 0.005], [6663974.0, 0.12], [6664411.0, 0.1855], [6664479.0, 0.001], [6664740.0, 0.0776], [6664999.0, 0.0001], [6665334.0, 0.051], [6665377.0, 0.021], [6665561.0, 0.02], [6665894.0, 0.005], [6665895.0, 0.00866919], [6666106.0, 0.0792], [6666154.0, 0.0022], [6666249.0, 0.0001], [6666720.0, 0.00970825], [6666765.0, 0.02], [6666883.0, 0.00969785], [6666888.0, 0.00971466], [6666891.0, 0.00970585], [6666894.0, 0.048]], "bids": [[6659001.0, 0.0011], [6659000.0, 0.0054], [6658944.0, 0.002], [6658751.0, 0.0001], [6658192.0, 0.0121], [6658093.0, 0.03], [6658088.0, 0.12], [6657741.0, 0.0795], [6657720.0, 0.04694351], [6657652.0, 0.12], [6657501.0, 0.0001], [6657215.0, 0.12], [6657002.0, 0.0796], [6656666.0, 0.12], [6656443.0, 0.08], [6656391.0, 0.048], [6656251.0, 0.0001], [6656000.0, 0.13470571], [6655392.0, 0.0149999], [6655181.0, 0.12], [6655001.0, 0.0001], [6655000.0, 0.001], [6654975.0, 0.05], [6654795.0, 0.0808], [6654769.0, 0.0018], [6654530.0, 0.001], [6654232.0, 0.001], [6654230.0, 0.00970388], [6654000.0, 0.01], [6653904.0, 0.00969785], [6653899.0, 0.01071754], [6653894.0, 0.00971466], [6653891.0, 0.00970825], [6653887.0, 0.00970585], [6653884.0, 1.2638], [6653751.0, 0.0001], [6653553.0, 0.0025], [6653287.0, 0.0816], [6653155.0, 0.47067247], [6653001.0, 0.006]], "timestamp": 1618034492.0001264}
{"asks": [[6662057.0, 0.01907229], [6662224.0, 0.005], [6662227.0, 0.002], [6662234.0, 0.005], [6662496.0, 0.007], [6662499.0, 0.0001], [6663536.0, 0.0077], [6663749.0, 0.0001], [6663867.0, 0.02], [6663974.0, 0.12], [6664256.0, 0.01], [6664411.0, 0.1855], [6664740.0, 0.0776], [6664871.0, 0.081], [6664999.0, 0.1201], [6665377.0, 0.021], [6665389.0, 0.01125892], [6665557.0, 0.03184126], [6665561.0, 0.14], [6665589.0, 0.081], [6665895.0, 0.13006919], [6666105.0, 0.005], [6666106.0, 0.1992], [6666154.0, 0.0022], [6666249.0, 0.0001], [6666765.0, 0.14], [6666832.0, 0.0025], [6666872.0, 0.00970585], [6666876.0, 0.00970825], [6666877.0, 0.00970388], [6666894.0, 0.048], [6667343.0, 0.0002], [6667496.0, 0.00971466], [6667499.0, 0.0001], [6667602.0, 0.001], [6667610.0, 0.001], [6667716.0, 0.00969785], [6667721.0, 0.00971754], [6667971.0, 0.005], [6667972.0, 0.001]], "bids": [[6659210.0, 0.0044], [6659209.0, 0.01797824], [6659203.0, 0.0219], [6659003.0, 0.0011], [6659000.0, 0.0054], [6658968.0, 0.03], [6658963.0, 0.12], [6658751.0, 0.0001], [6658526.0, 0.12], [6658237.0, 0.0824], [6658089.0, 0.12], [6657822.0, 0.048], [6657652.0, 0.12], [6657501.0, 0.0001], [6657215.0, 0.12], [6656798.0, 0.0149999], [6656443.0, 0.2], [6656391.0, 0.048], [6656251.0, 0.0001], [6656000.0, 0.01470571], [6655992.0, 0.001], [6655194.0, 0.00969785], [6655189.0, 0.001], [6655186.0, 0.00971754], [6655001.0, 0.0001], [6655000.0, 0.001], [6654795.0, 0.0808], [6654560.0, 0.47104591], [6654440.0, 0.0018], [6654088.0, 0.02], [6654000.0, 0.01], [6653925.0, 0.00971466], [6653922.0, 0.00970585], [6653919.0, 0.00970825], [6653910.0, 0.00970388], [6653751.0, 0.0001], [6653296.0, 0.001], [6653288.0, 1.2638], [6653160.0, 0.001], [6653156.0, 0.23575219]], "timestamp": 1618034497.0614257}
{"asks": [[6662054.0, 0.002], [6662226.0, 0.12], [6662241.0, 0.002], [6662496.0, 0.007], [6662499.0, 0.0001], [6662663.0, 0.12], [6663099.0, 0.0055], [6663100.0, 0.12], [6663330.0, 0.0816], [6663536.0, 0.01], [6663537.0, 0.12], [6663589.0, 0.01125982], [6663749.0, 0.0001], [6663823.0, 0.049], [6663974.0, 0.12], [6664058.0, 0.02], [6664411.0, 0.12], [6664740.0, 0.0776], [6664999.0, 0.0001], [6665376.0, 0.005], [6665377.0, 0.021], [6665378.0, 0.051], [6665399.0, 0.001], [6665561.0, 0.02], [6665895.0, 0.00866919], [6666106.0, 0.0792], [6666154.0, 0.0022], [6666249.0, 0.0001], [6666765.0, 0.02], [6666894.0, 0.048], [6667296.0, 0.005], [6667297.0, 0.0655], [6667343.0, 0.0002], [6667499.0, 0.0001], [6667594.0, 0.001], [6667695.0, 0.00970585], [6667698.0, 0.001], [6667699.0, 0.00970825], [6667700.0, 0.00970388], [6667706.0, 0.00969785]], "bids": [[6659406.0, 0.01], [6659405.0, 0.002], [6659123.0, 0.005], [6659014.0, 0.0033], [6659000.0, 0.0054], [6658751.0, 0.0001], [6658526.0, 0.12], [6658237.0, 0.0824], [6658089.0, 0.12], [6657876.0, 0.049], [6657866.0, 0.04694351], [6657652.0, 0.12], [6657501.0, 0.0001], [6657215.0, 0.12], [6656443.0, 0.2], [6656391.0, 0.048], [6656251.0, 0.0001], [6656000.0, 0.13470571], [6655787.0, 0.0149999], [6655449.0, 0.001], [6655083.0, 0.0018], [6655001.0, 0.0001], [6655000.0, 0.001], [6654826.0, 0.001], [6654825.0, 0.00970825], [6654824.0, 0.00970388], [6654818.0, 0.00969785], [6654813.0, 0.001], [6654810.0, 0.00971754], [6654808.0, 0.00971466], [6654795.0, 0.0808], [6654215.0, 0.01], [6654088.0, 0.02], [6653903.0, 0.053], [6653751.0, 0.0001], [6653645.0, 0.0025], [6653291.0, 0.00970585], [6653288.0, 1.2638], [6653062.0, 0.01], [6653001.0, 0.006]], "timestamp": 1618034502.002465}
{"asks": [[6662496.0, 0.007], [6662499.0, 0.0001], [6663537.0, 0.12], [6663749.0, 0.0001], [6663755.0, 0.02], [6663974.0, 0.12], [6664081.0, 0.0011], [6664410.0, 0.01], [6664411.0, 0.12], [6664414.0, 0.01125727], [6664740.0, 0.0776], [6664999.0, 0.1201], [6665377.0, 0.021], [6665378.0, 0.051], [6665561.0, 0.14], [6665562.0, 0.03184126], [6665895.0, 0.00866919], [6666105.0, 0.005], [6666106.0, 0.1992], [6666128.0, 0.001], [6666154.0, 0.0022], [6666249.0, 0.0001], [6666765.0, 0.02], [6666894.0, 0.048], [6667297.0, 0.0655], [6667343.0, 0.0002], [6667499.0, 0.0001], [6667608.0, 0.0025], [6667671.0, 0.00970585], [6667674.0, 0.001], [6667675.0, 0.00970825], [6667676.0, 0.00970388], [6667682.0, 0.00969785], [6667792.0, 0.005], [6667931.0, 0.07239965], [6668390.0, 0.001], [6668398.0, 0.01], [6668419.0, 0.02], [6668749.0, 0.0001], [6668927.0, 0.001]], "bids": [[6662232.0, 0.0179], [6659344.0, 0.005], [6659334.0, 0.002], [6659268.0, 0.0099], [6659267.0, 0.048], [6659000.0, 0.0054], [6658963.0, 0.12], [6658817.0, 0.04694351], [6658751.0, 0.0001], [6658526.0, 0.12], [6658237.0, 0.0824], [6658089.0, 0.12], [6657876.0, 0.049], [6657652.0, 0.12], [6657501.0, 0.0001], [6657215.0, 0.12], [6657100.0, 0.003], [6656443.0, 0.2], [6656391.0, 0.048], [6656251.0, 0.0001], [6656177.0, 0.0149999], [6656176.0, 0.001], [6656000.0, 0.01470571], [6655579.0, 0.0018], [6655001.0, 0.0001], [6655000.0, 0.001], [6654795.0, 0.0808], [6654730.0, 0.01], [6654215.0, 0.01], [6653922.0, 0.001], [6653919.0, 0.00971754], [6653914.0, 0.00970585], [6653911.0, 0.001], [6653910.0, 0.00970825], [6653909.0, 0.00970388], [6653903.0, 0.053], [6653781.0, 0.49069781], [6653751.0, 0.0001], [6653732.0, 0.0025], [6653514.0, 0.02]], "timestamp": 1618034507.0016875}
{"asks": [[6661837.0, 0.004], [6661845.0, 0.01], [6662479.0, 0.0011], [6662481.0, 0.02999918], [6662486.0, 0.005], [6662496.0, 0.007], [6662499.0, 0.0001], [6662961.0, 0.002], [6663100.0, 0.12], [6663199.0, 0.01], [6663202.0, 0.0808], [6663457.0, 0.02], [6663537.0, 0.12], [6663673.0, 0.01125987], [6663749.0, 0.0001], [6663974.0, 0.12], [6664011.0, 0.0485], [6664411.0, 0.12], [6664534.0, 0.03184126], [6664740.0, 0.0776], [6664983.0, 0.005], [6664984.0, 0.001], [6664999.0, 0.1201], [6665377.0, 0.021], [6665378.0, 0.051], [6665561.0, 0.14], [6665895.0, 0.00866919], [6666106.0, 0.0792], [6666154.0, 0.0022], [6666249.0, 0.0001], [6666763.0, 0.005], [6666765.0, 0.02], [6666894.0, 0.048], [6667297.0, 0.0655], [6667343.0, 0.0002], [6667499.0, 0.0001], [6668161.0, 0.0025], [6668380.0, 0.00969785], [6668385.0, 0.001], [6668388.0, 0.00971754]], "bids": [[6659306.0, 0.0488], [6658999.0, 0.002], [6658817.0, 0.02934351], [6658751.0, 0.0001], [6658526.0, 0.12], [6658471.0, 0.0812], [6658090.0, 0.0044], [6658089.0, 0.12], [6657780.0, 0.05], [6657652.0, 0.12], [6657501.0, 0.0001], [6657422.0, 0.0149999], [6657215.0, 0.12], [6657100.0, 0.003], [6656443.0, 0.2], [6656391.0, 0.048], [6656251.0, 0.0001], [6656000.0, 0.13470571], [6655049.0, 0.01], [6655041.0, 0.0018], [6655034.0, 0.001], [6655001.0, 0.0001], [6655000.0, 0.001], [6654795.0, 0.0808], [6654730.0, 0.01], [6654391.0, 0.0025], [6654261.0, 0.00969785], [6654256.0, 0.001], [6654253.0, 0.00971754], [6654251.0, 0.00971466], [6654248.0, 0.00970585], [6654245.0, 0.4786871], [6654215.0, 0.01], [6653935.0, 0.001], [6653903.0, 0.053], [6653782.0, 0.23071054], [6653764.0, 0.02], [6653751.0, 0.0001], [6653318.0, 0.00970388], [6653312.0, 0.00970825]], "timestamp": 1618034512.103}
{"asks": [[6663744.0, 0.008], [6663747.0, 0.005], [6663749.0, 0.0001], [6664258.0, 0.02], [6664271.0, 0.0011], [6664999.0, 0.1201], [6665377.0, 0.021], [6665379.0, 0.002], [6665559.0, 0.005], [6665561.0, 0.14], [6665895.0, 0.00866919], [6666049.0, 0.121], [6666106.0, 0.0792], [6666148.0, 0.081], [6666154.0, 0.0022], [6666249.0, 0.0001], [6666597.0, 0.01125598], [6666765.0, 0.14], [6667297.0, 0.1855], [6667343.0, 0.0002], [6667497.0, 0.005], [6667499.0, 0.0001], [6667944.0, 0.0176], [6668001.0, 0.03184126], [6668160.0, 0.13], [6668342.0, 0.001], [6668350.0, 0.00970824], [6668355.0, 0.001], [6668358.0, 0.00971754], [6668360.0, 0.00971466], [6668363.0, 0.00970585], [6668439.0, 0.0025], [6668471.0, 0.02], [6668749.0, 0.0001], [6669159.0, 0.00970388], [6669165.0, 0.00970825], [6669172.0, 0.001], [6669175.0, 0.31365494], [6669614.0, 0.001], [6669710.0, 0.2]], "bids": [[6662361.0, 0.002], [6662360.0, 0.01790001], [6661476.0, 0.03], [6661471.0, 0.05], [6661249.0, 0.3082], [6661143.0, 0.12], [6661088.0, 0.01], [6660799.0, 0.049], [6660763.0, 0.0824], [6660707.0, 0.12], [6660272.0, 0.0011], [6660271.0, 0.12], [6660001.0, 0.0001], [6659835.0, 0.12], [6659399.0, 0.12], [6659354.0, 0.001], [6659288.0, 0.048], [6659284.0, 0.005], [6659229.0, 0.0792], [6658818.0, 0.12], [6658751.0, 0.0001], [6657866.0, 0.0768], [6657780.0, 0.05], [6657501.0, 0.0001], [6657489.0, 0.0149999], [6657100.0, 0.003], [6656450.0, 0.00970388], [6656443.0, 0.08], [6656391.0, 0.048], [6656251.0, 0.0001], [6656249.0, 0.01], [6656098.0, 0.001], [6656000.0, 0.01470571], [6655246.0, 0.0018], [6655123.0, 0.49494871], [6655001.0, 0.0001], [6655000.0, 0.001], [6654842.0, 0.02], [6654705.0, 0.0025], [6654293.0, 0.00970825]], "timestamp": 1618034517.0023844}
{"asks": [[6664751.0, 0.01], [6664999.0, 0.0001], [6665000.0, 0.001], [6665376.0, 0.0011], [6665377.0, 0.021], [6665497.0, 0.02], [6665561.0, 0.14], [6665740.0, 0.0484], [6665832.0, 0.002], [6665895.0, 0.00866919], [6666049.0, 0.12], [6666106.0, 0.0792], [6666154.0, 0.0022], [6666249.0, 0.0001], [6666540.0, 0.005], [6666541.0, 0.081], [6666765.0, 0.14], [6666814.0, 0.01125558], [6666945.0, 0.001], [6667297.0, 0.1855], [6667343.0, 0.0002], [6667413.0, 0.0807], [6667499.0, 0.0001], [6667538.0, 0.0176], [6667602.0, 0.03184126], [6668137.0, 0.005], [6668138.0, 0.049], [6668160.0, 0.12], [6668749.0, 0.1201], [6669126.0, 0.00970585], [6669129.0, 0.00970388], [6669135.0, 0.001], [6669136.0, 0.00970825], [6669143.0, 0.00970824], [6669148.0, 0.001], [6669151.0, 0.00971754], [6669153.0, 0.00971466], [6669175.0, 0.31365494], [6669478.0, 0.0025], [6669828.0, 0.08]], "bids": [[6661967.0, 0.005], [6661966.0, 0.0184], [6661472.0, 0.0011], [6661471.0, 0.175], [6661300.0, 0.081], [6661251.0, 0.0001], [6661249.0, 0.2772], [6661248.0, 0.002], [6661143.0, 0.12], [6660857.0, 0.081], [6660763.0, 0.0824], [6660708.0, 0.005], [6660707.0, 0.12], [6660678.0, 0.048], [6660271.0, 0.12], [6660001.0, 0.0001], [6660000.0, 0.001], [6659835.0, 0.12], [6659399.0, 0.12], [6659288.0, 0.048], [6659229.0, 0.0792], [6658819.0, 0.005], [6658818.0, 0.12], [6658751.0, 0.0001], [6658299.0, 0.0149999], [6657866.0, 0.0768], [6657780.0, 0.05], [6657501.0, 0.0001], [6656443.0, 0.08], [6656391.0, 0.048], [6656251.0, 0.0001], [6656249.0, 0.01], [6656000.0, 0.01470571], [6655518.0, 0.0025], [6655471.0, 0.006], [6655350.0, 0.02], [6655156.0, 0.00970585], [6655153.0, 0.00970388], [6655147.0, 0.001], [6655146.0, 0.00970825]], "timestamp": 1618034522.068707}
{"asks": [[6664418.0, 0.001], [6665372.0, 0.0141], [6665377.0, 0.0865], [6665479.0, 0.002], [6665561.0, 0.14], [6665895.0, 0.00866919], [6666048.0, 0.0066], [6666049.0, 0.12], [6666111.0, 0.0481], [6666154.0, 0.0022], [6666249.0, 0.0001], [6666719.0, 0.0505], [6666761.0, 0.01], [6666765.0, 0.14], [6666778.0, 0.0801], [6667228.0, 0.02], [6667235.0, 0.01125592], [6667297.0, 0.12], [6667343.0, 0.0002], [6667413.0, 0.0807], [6667499.0, 0.0001], [6667508.0, 0.0808], [6667949.0, 0.0176], [6667994.0, 0.03184126], [6668138.0, 0.049], [6668160.0, 0.12], [6668607.0, 0.001], [6668730.0, 0.001], [6668738.0, 0.005], [6668741.0, 0.00970825], [6668749.0, 0.1201], [6669100.0, 0.00970824], [6669105.0, 0.00971754], [6669110.0, 0.00970388], [6669175.0, 0.31365494], [6669825.0, 0.00971466], [6669828.0, 0.08], [6669985.0, 0.001], [6669990.0, 0.00970585], [6669993.0, 0.2]], "bids": [[6662429.0, 0.0483], [6661925.0, 0.0011], [6661924.0, 0.0801], [6661496.0, 0.001], [6661495.0, 0.00971754], [6661490.0, 0.001], [6661488.0, 0.05393188], [6661471.0, 0.175], [6661300.0, 0.081], [6661251.0, 0.0001], [6661249.0, 0.2772], [6661143.0, 0.12], [6660763.0, 0.0824], [6660707.0, 0.12], [6660678.0, 0.048], [6660271.0, 0.12], [6660001.0, 0.0001], [6660000.0, 0.001], [6659835.0, 0.12], [6659399.0, 0.12], [6659288.0, 0.048], [6659229.0, 0.0792], [6659070.0, 0.0149999], [6658818.0, 0.12], [6658751.0, 0.0001], [6658652.0, 0.001], [6658414.0, 0.0018], [6657866.0, 0.0768], [6657780.0, 0.05], [6657501.0, 0.0001], [6656977.0, 0.01], [6656694.0, 0.00971466], [6656691.0, 0.00970585], [6656688.0, 0.00970388], [6656682.0, 0.00970825], [6656675.0, 0.4823354], [6656443.0, 0.08], [6656395.0, 0.02], [6656391.0, 0.048], [6656251.0, 0.0001]], "timestamp": 1618034527.04128}
{"asks": [[6667343.0, 0.0002], [6667499.0, 0.0001], [6668498.0, 0.002], [6668509.0, 0.12], [6668749.0, 0.0001], [6668944.0, 0.0066], [6668945.0, 0.12], [6669161.0, 0.001], [6669164.0, 0.00971754], [6669169.0, 0.00970388], [6669175.0, 0.1966], [6669381.0, 0.12], [6669817.0, 0.12], [6669822.0, 0.00970585], [6669999.0, 0.0001], [6670000.0, 0.01584875], [6670251.0, 0.00971466], [6670255.0, 0.12], [6670259.0, 0.0025], [6670361.0, 0.0792], [6670528.0, 0.0495], [6670693.0, 0.12], [6670740.0, 0.01125105], [6670807.0, 0.03184126], [6670947.0, 0.01], [6671249.0, 0.0001], [6671565.0, 0.07239965], [6671595.0, 0.02], [6671821.0, 0.0176], [6671870.0, 0.001], [6671958.0, 0.001], [6672023.0, 0.05], [6672041.0, 0.1560848], [6672402.0, 0.001], [6672499.0, 0.0001], [6672787.0, 0.11705494], [6673162.0, 0.0824], [6673742.0, 0.00970824], [6673747.0, 0.01663741], [6673749.0, 0.0001]], "bids": [[6664863.0, 0.01], [6664862.0, 0.01], [6664744.0, 0.0033], [6664743.0, 0.049], [6664199.0, 0.005], [6664197.0, 0.12], [6663860.0, 0.05], [6663821.0, 0.0792], [6663761.0, 0.12], [6663296.0, 0.002], [6662384.0, 0.005], [6662383.0, 0.08], [6662166.0, 0.005], [6661911.0, 0.001], [6661907.0, 0.00970824], [6661902.0, 0.13799196], [6661901.0, 0.07391811], [6661515.0, 0.00971754], [6661510.0, 0.00970585], [6661479.0, 0.001], [6661474.0, 0.00971466], [6661471.0, 0.175], [6661251.0, 0.1201], [6661249.0, 0.2772], [6660763.0, 0.2024], [6660678.0, 0.048], [6660001.0, 0.1201], [6660000.0, 0.001], [6659288.0, 0.048], [6659229.0, 0.0792], [6659034.0, 0.1], [6658913.0, 0.0149999], [6658751.0, 0.0001], [6658396.0, 0.0018], [6658186.0, 0.49983463], [6657501.0, 0.0001], [6656700.0, 0.00970388], [6656689.0, 0.22811315], [6656450.0, 0.00970825], [6656315.0, 0.0025]], "timestamp": 1618034532.025815}
{"asks": [[6663749.0, 0.0001], [6664505.0, 0.0034], [6664818.0, 0.01], [6664819.0, 0.00771103], [6664993.0, 0.08], [6664999.0, 0.0001], [6665021.0, 0.12], [6665457.0, 0.12], [6665681.0, 0.048], [6665709.0, 0.01125608], [6665893.0, 0.12], [6666329.0, 0.12], [6666569.0, 0.0072], [6666570.0, 0.01798623], [6666576.0, 0.0808], [6666765.0, 0.12], [6667106.0, 0.01797824], [6667112.0, 0.0505], [6667257.0, 0.01897659], [6667326.0, 0.019999], [6667599.0, 0.002], [6668432.0, 0.005], [6668500.0, 0.049], [6668691.0, 0.001], [6668908.0, 0.0792], [6669999.0, 0.0001], [6670000.0, 0.01584875], [6670329.0, 0.049], [6670361.0, 0.0792], [6670740.0, 0.0655], [6671238.0, 0.0176], [6671249.0, 0.0001], [6671921.0, 0.0025], [6672372.0, 0.07239965], [6672499.0, 0.0001], [6672764.0, 0.01], [6673151.0, 0.00970388], [6673157.0, 0.00970824], [6673645.0, 0.001], [6673718.0, 0.001]], "bids": [[6661471.0, 0.02840001], [6661251.0, 0.0001], [6661249.0, 0.2772], [6660982.0, 0.0149999], [6660831.0, 0.01], [6660001.0, 0.0001], [6660000.0, 0.001], [6659566.0, 0.02], [6659235.0, 0.00970388], [6659229.0, 0.0792], [6659064.0, 0.57378005], [6659044.0, 0.02], [6658751.0, 0.0001], [6658622.0, 0.14], [6658401.0, 0.24914004], [6658400.0, 0.001], [6658198.0, 0.006], [6657502.0, 0.12], [6657501.0, 0.0001], [6657100.0, 0.003], [6657032.0, 0.121], [6656552.0, 0.13], [6656289.0, 0.0025], [6656251.0, 0.0001], [6656246.0, 0.0776], [6655121.0, 1.3834], [6655001.0, 0.0001], [6653751.0, 0.0001], [6652501.0, 0.0001], [6651251.0, 0.0001], [6651200.0, 0.0655], [6650900.0, 0.04883782], [6650001.0, 0.0001], [6649455.0, 0.001], [6649368.0, 1.04567704], [6649134.0, 0.001], [6648751.0, 0.0001], [6648703.0, 0.4116], [6648541.0, 0.1], [6647831.0, 0.1]], "timestamp": 1618034537.0005617}
{"asks": [[6662020.0, 0.002], [6662541.0, 0.0463], [6663098.0, 0.0784], [6663624.0, 0.01], [6663633.0, 0.0816], [6663713.0, 0.12], [6663749.0, 0.0001], [6663872.0, 0.0771], [6664120.0, 0.005], [6664149.0, 0.12], [6664338.0, 0.01125832], [6664570.0, 0.0044], [6664585.0, 0.12], [6664868.0, 0.0176], [6664979.0, 0.019999], [6664993.0, 0.08], [6664999.0, 0.0001], [6665021.0, 0.12], [6665183.0, 0.03184126], [6665377.0, 0.007], [6665455.0, 0.005], [6665457.0, 0.12], [6665681.0, 0.048], [6665809.0, 0.001], [6665893.0, 0.12], [6666576.0, 0.0808], [6667112.0, 0.0505], [6668412.0, 0.005], [6668413.0, 0.001], [6668500.0, 0.049], [6668504.0, 0.0655], [6668905.0, 0.001], [6668908.0, 0.0792], [6669580.0, 0.0025], [6669797.0, 0.01], [6669998.0, 0.1560848], [6669999.0, 0.0001], [6670000.0, 0.01584875], [6670776.0, 0.02], [6670869.0, 0.00970585]], "bids": [[6661249.0, 0.19436027], [6660001.0, 0.0001], [6660000.0, 0.001], [6659937.0, 0.0099], [6659936.0, 0.12], [6659500.0, 0.12], [6659064.0, 0.12], [6658751.0, 0.0001], [6658622.0, 0.12], [6658063.0, 0.0515], [6657814.0, 0.0149999], [6657750.0, 0.0463], [6657689.0, 0.0808], [6657502.0, 0.12], [6657501.0, 0.0001], [6657193.0, 0.0771], [6657100.0, 0.003], [6657032.0, 0.12], [6656631.0, 0.002], [6656616.0, 0.0787], [6656251.0, 0.0001], [6656249.0, 0.01], [6656246.0, 0.0776], [6656208.0, 0.049], [6655859.0, 0.001], [6655847.0, 0.0018], [6655279.0, 0.45560666], [6655249.0, 0.006], [6655008.0, 0.1176], [6655001.0, 0.0001], [6654342.0, 0.1568], [6653751.0, 0.0001], [6653688.0, 0.0025], [6653471.0, 0.01], [6653223.0, 0.00970585], [6653220.0, 0.23267292], [6653219.0, 0.02], [6653213.0, 0.052], [6652700.0, 0.02], [6652607.0, 0.00970388]], "timestamp": 1618034542.0528936}
{"asks": [[6662192.0, 0.003], [6662297.0, 0.00771103], [6662414.0, 0.02], [6662415.0, 0.001], [6662416.0, 0.002], [6662434.0, 0.049], [6662499.0, 0.0001], [6663386.0, 0.0463], [6663607.0, 0.01], [6663609.0, 0.05494106], [6663633.0, 0.0816], [6663714.0, 0.12], [6663749.0, 0.0001], [6663872.0, 0.0771], [6664103.0, 0.05], [6664149.0, 0.12], [6664420.0, 0.0771], [6664584.0, 0.0011], [6664585.0, 0.12], [6664699.0, 0.01125818], [6664700.0, 0.019999], [6664993.0, 0.08], [6664999.0, 0.0001], [6665021.0, 0.12], [6665286.0, 0.005], [6665288.0, 0.001], [6665377.0, 0.007], [6665457.0, 0.12], [6665681.0, 0.048], [6666239.0, 0.1855], [6666309.0, 0.03184126], [6666315.0, 0.0176], [6666576.0, 0.0808], [6667110.0, 0.005], [6667112.0, 0.0505], [6668500.0, 0.049], [6668875.0, 0.07239965], [6668908.0, 0.0792], [6669149.0, 0.001], [6669580.0, 0.0025]], "bids": [[6660001.0, 0.0001], [6660000.0, 0.001], [6659936.0, 0.011], [6658751.0, 0.0001], [6658335.0, 0.0463], [6657937.0, 0.12], [6657789.0, 0.0771], [6657759.0, 0.0495], [6657689.0, 0.0808], [6657502.0, 0.12], [6657501.0, 0.0001], [6657486.0, 0.0149999], [6657193.0, 0.0771], [6657032.0, 0.12], [6656976.0, 0.002], [6656327.0, 0.12971754], [6656322.0, 0.00970388], [6656316.0, 0.00970825], [6656309.0, 0.1156], [6656251.0, 0.0001], [6656249.0, 0.01], [6656246.0, 0.0776], [6656208.0, 0.049], [6655781.0, 0.12], [6655643.0, 0.1541], [6655338.0, 0.12], [6655249.0, 0.006], [6655001.0, 0.0001], [6653751.0, 0.0001], [6653694.0, 0.02], [6653688.0, 0.0025], [6653471.0, 0.01], [6653247.0, 0.001], [6653244.0, 0.001], [6653242.0, 0.00971466], [6653239.0, 0.00970585], [6653236.0, 0.00970824], [6653213.0, 0.052], [6653090.0, 0.02], [6652691.0, 0.02]], "timestamp": 1618034547.004463}
{"asks": [[6662414.0, 0.01], [6662415.0, 0.001], [6662421.0, 0.002], [6662499.0, 0.0001], [6662844.0, 0.12], [6663278.0, 0.0022], [6663279.0, 0.12], [6663542.0, 0.019999], [6663633.0, 0.0816], [6663714.0, 0.12], [6663749.0, 0.0001], [6664102.0, 0.005], [6664103.0, 0.05], [6664149.0, 0.12], [6664352.0, 0.01125985], [6664420.0, 0.0771], [6664585.0, 0.12], [6664615.0, 0.001], [6664637.0, 0.03184126], [6664993.0, 0.08], [6664999.0, 0.0001], [6665021.0, 0.12], [6665274.0, 0.0771], [6665377.0, 0.007], [6665681.0, 0.048], [6666238.0, 0.005], [6666239.0, 0.0655], [6666576.0, 0.0808], [6667112.0, 0.0505], [6668383.0, 0.07239965], [6668908.0, 0.0792], [6669131.0, 0.001], [6669453.0, 0.0025], [6669542.0, 0.00970825], [6669544.0, 0.001], [6669549.0, 0.001], [6669552.0, 0.00970824], [6669557.0, 0.00971754], [6669559.0, 0.00971466], [6669562.0, 0.00970585]], "bids": [[6658808.0, 0.0044], [6658807.0, 0.12], [6658495.0, 0.0771], [6658488.0, 0.002], [6657937.0, 0.12], [6657789.0, 0.0771], [6657704.0, 0.0505], [6657689.0, 0.0808], [6657502.0, 0.12], [6657501.0, 0.0001], [6657032.0, 0.12], [6656344.0, 0.00970825], [6656340.0, 0.001], [6656337.0, 0.00970824], [6656332.0, 0.00971754], [6656327.0, 0.12], [6656309.0, 0.1156], [6656251.0, 0.0001], [6656246.0, 0.0776], [6656208.0, 0.049], [6655643.0, 0.2741], [6655518.0, 0.0149999], [6655507.0, 0.0018], [6655368.0, 0.48605016], [6655001.0, 0.0001], [6654666.0, 0.001], [6654243.0, 0.01], [6654093.0, 0.0025], [6653751.0, 0.0001], [6653746.0, 0.01], [6653267.0, 0.001], [6653259.0, 0.00971466], [6653256.0, 0.00970585], [6653253.0, 0.00970388], [6653243.0, 0.006], [6653213.0, 0.052], [6652610.0, 0.02], [6652589.0, 1.2637], [6652588.0, 0.1], [6652501.0, 0.0001]], "timestamp": 1618034552.091908}
{"asks": [[6659999.0, 0.0001], [6661249.0, 0.0001], [6661808.0, 0.002], [6662415.0, 0.001], [6662499.0, 0.0001], [6662746.0, 0.0515], [6663272.0, 0.05494106], [6663278.0, 0.0077], [6663279.0, 0.12], [6663633.0, 0.0816], [6663712.0, 0.01], [6663714.0, 0.12], [6663749.0, 0.0001], [6663753.0, 0.019999], [6664149.0, 0.12], [6664290.0, 0.051], [6664420.0, 0.0771], [6664585.0, 0.12], [6664842.0, 0.01126207], [6664993.0, 0.08], [6664999.0, 0.0001], [6665021.0, 0.12], [6665274.0, 0.0771], [6665413.0, 0.007], [6665679.0, 0.005], [6665681.0, 0.168], [6666239.0, 0.0655], [6666314.0, 0.001], [6666576.0, 0.0808], [6667112.0, 0.0505], [6668126.0, 0.005], [6668127.0, 0.001], [6668331.0, 0.07239965], [6668361.0, 0.0025], [6668732.0, 0.02], [6668778.0, 0.01], [6668882.0, 0.00970388], [6668888.0, 0.00970825], [6668890.0, 0.001], [6668895.0, 0.001]], "bids": [[6659020.0, 0.168], [6658496.0, 0.0044], [6658495.0, 0.0771], [6658372.0, 0.12], [6657937.0, 0.12], [6657789.0, 0.0771], [6657776.0, 0.002], [6657689.0, 0.0808], [6657502.0, 0.12], [6657501.0, 0.0001], [6657271.0, 0.1156], [6657032.0, 0.12], [6656363.0, 0.01070388], [6656357.0, 0.00970825], [6656327.0, 0.12], [6656251.0, 0.0001], [6656246.0, 0.0776], [6656208.0, 0.049], [6656022.0, 0.0149999], [6655648.0, 0.12970824], [6655643.0, 0.1541], [6655398.0, 0.45990589], [6655001.0, 0.0001], [6654994.0, 0.0018], [6654243.0, 0.01], [6653757.0, 0.00971754], [6653752.0, 0.23059901], [6653751.0, 0.0001], [6653243.0, 0.006], [6653213.0, 0.052], [6652861.0, 0.0025], [6652668.0, 0.001], [6652665.0, 0.001], [6652660.0, 0.00971466], [6652657.0, 0.0457411], [6652656.0, 0.01], [6652613.0, 0.00970585], [6652589.0, 1.2637], [6652588.0, 0.1], [6652501.0, 0.0001]], "timestamp": 1618034557.1555083}
{"asks": [[6659100.0, 0.001], [6660275.0, 0.0034], [6660939.0, 0.002], [6661249.0, 0.0001], [6661743.0, 0.03696282], [6661749.0, 0.03], [6661754.0, 0.01], [6661804.0, 0.0044], [6661805.0, 0.0792], [6661977.0, 0.12], [6662411.0, 0.12], [6662415.0, 0.001], [6662499.0, 0.0001], [6662658.0, 0.019999], [6662752.0, 0.01126415], [6662762.0, 0.0176], [6662836.0, 0.049], [6662845.0, 0.12], [6663263.0, 0.005], [6663279.0, 0.12], [6663633.0, 0.0816], [6663714.0, 0.12], [6663749.0, 0.0001], [6663779.0, 0.001], [6664149.0, 0.12], [6664290.0, 0.051], [6664991.0, 0.005], [6664993.0, 0.08], [6664999.0, 0.0001], [6665413.0, 0.007], [6665681.0, 0.048], [6666209.0, 0.07239965], [6666239.0, 0.0655], [6666576.0, 0.0808], [6667076.0, 0.0025], [6667139.0, 0.00971754], [6667141.0, 0.00971466], [6667144.0, 0.004], [6667171.0, 0.001], [6667179.0, 0.02]], "bids": [[6657661.0, 0.003], [6657501.0, 0.0001], [6657033.0, 0.0077], [6656946.0, 0.002], [6656761.0, 0.12], [6656327.0, 0.12], [6656251.0, 0.0001], [6656077.0, 0.048], [6655816.0, 0.0149999], [6655648.0, 0.12], [6655168.0, 0.0784], [6655001.0, 0.1201], [6654474.0, 0.12], [6654243.0, 0.01], [6653832.0, 0.001], [6653797.0, 0.001], [6653794.0, 0.00971754], [6653792.0, 0.00971466], [6653789.0, 0.49857621], [6653759.0, 0.12970388], [6653753.0, 0.24647369], [6653751.0, 0.0001], [6653565.0, 0.0816], [6653243.0, 0.006], [6653213.0, 0.052], [6653022.0, 0.0018], [6652673.0, 0.00970824], [6652647.0, 0.01], [6652588.0, 0.1], [6652501.0, 0.0001], [6652092.0, 0.00970825], [6652086.0, 0.04750613], [6651852.0, 0.001], [6651844.0, 0.0025], [6651679.0, 0.00970585], [6651675.0, 1.264], [6651576.0, 0.0768], [6651251.0, 0.0001], [6651200.0, 0.0655], [6650745.0, 0.00425951]], "timestamp": 1618034562.0666625}
{"asks": [[6660675.0, 0.98979], [6660676.0, 0.12], [6660883.0, 0.001], [6660891.0, 0.01797659], [6660939.0, 0.001], [6661109.0, 0.12], [6661249.0, 0.0001], [6661543.0, 0.12], [6661634.0, 0.0472], [6661671.0, 0.0011], [6661672.0, 0.01126275], [6661682.0, 0.019999], [6661977.0, 0.12], [6661990.0, 0.002], [6662039.0, 0.0485], [6662181.0, 0.005], [6662183.0, 0.0808], [6662300.0, 0.0787], [6662411.0, 0.12], [6662415.0, 0.001], [6662499.0, 0.0001], [6662671.0, 0.03184126], [6662716.0, 0.0176], [6662845.0, 0.12], [6663044.0, 0.001], [6663537.0, 0.0808], [6663749.0, 0.0001], [6663816.0, 0.048], [6664146.0, 0.005], [6664993.0, 0.08], [6664999.0, 0.0001], [6665413.0, 0.007], [6665681.0, 0.048], [6666141.0, 0.001], [6666239.0, 0.0655], [6666575.0, 0.1560848], [6667936.0, 0.02], [6668118.0, 0.00971466], [6668121.0, 0.001], [6668329.0, 0.00970825]], "bids": [[6658751.0, 0.0001], [6657738.0, 0.0478], [6657501.0, 0.0001], [6656676.0, 0.0782], [6656635.0, 0.0824], [6656508.0, 0.011], [6656507.0, 0.0149999], [6656327.0, 0.12], [6656251.0, 0.0001], [6655648.0, 0.12], [6655168.0, 0.1984], [6655091.0, 0.01], [6655079.0, 0.0018], [6655001.0, 0.0001], [6654671.0, 0.0485], [6654243.0, 0.12], [6653823.0, 0.001], [6653820.0, 0.00971754], [6653815.0, 0.00970585], [6653812.0, 0.001], [6653810.0, 0.00971071], [6653804.0, 0.12], [6653751.0, 0.0001], [6653565.0, 0.0816], [6653243.0, 0.126], [6653213.0, 0.052], [6653098.0, 0.001], [6652597.0, 0.0025], [6652588.0, 0.1], [6652501.0, 0.0001], [6652406.0, 0.01], [6651685.0, 0.00970825], [6651678.0, 0.00971466], [6651677.0, 0.24872767], [6651675.0, 1.264], [6651251.0, 0.0001], [6651200.0, 0.0655], [6651130.0, 0.001], [6651082.0, 0.02], [6650812.0, 0.001]], "timestamp": 1618034567.0918324}
{"asks": [[6660248.0, 0.98979], [6660382.0, 0.002], [6660388.0, 0.01798623], [6660394.0, 0.01797659], [6660398.0, 0.005], [6660400.0, 0.01797824], [6660616.0, 0.02], [6660618.0, 0.002], [6660620.0, 0.03184126], [6660674.0, 0.0176], [6660678.0, 0.12], [6660697.0, 0.0505], [6660728.0, 0.005], [6660939.0, 0.001], [6661111.0, 0.12], [6661234.0, 0.01126198], [6661249.0, 0.0001], [6661544.0, 0.12], [6661671.0, 0.0011], [6661977.0, 0.12], [6662056.0, 0.0505], [6662181.0, 0.005], [6662183.0, 0.0808], [6662402.0, 0.019999], [6662411.0, 0.12], [6662415.0, 0.001], [6662499.0, 0.0001], [6662845.0, 0.12], [6663429.0, 0.001], [6663537.0, 0.0808], [6663749.0, 0.0001], [6663816.0, 0.048], [6664972.0, 0.00970824], [6664976.0, 0.005], [6664977.0, 0.00970825], [6664985.0, 0.001], [6664993.0, 0.08], [6664999.0, 0.0001], [6665383.0, 0.07239965], [6665413.0, 0.007]], "bids": [[6658751.0, 0.0001], [6657501.0, 0.00077081], [6656510.0, 0.0087], [6656508.0, 0.011], [6656327.0, 0.12], [6656251.0, 0.0001], [6655710.0, 0.002], [6655648.0, 0.12], [6655581.0, 0.0149999], [6655168.0, 0.1984], [6655001.0, 0.0001], [6654673.0, 0.005], [6654243.0, 0.12], [6653853.0, 0.00971071], [6653850.0, 0.001], [6653847.0, 0.00970824], [6653842.0, 0.001], [6653841.0, 0.00970825], [6653834.0, 0.00971754], [6653832.0, 0.00971466], [6653829.0, 0.00970585], [6653804.0, 0.12], [6653751.0, 0.0101], [6653565.0, 0.0816], [6653482.0, 0.001], [6653273.0, 0.49512222], [6653243.0, 0.12], [6653213.0, 0.052], [6653195.0, 0.0018], [6652752.0, 0.005], [6652751.0, 0.006], [6652588.0, 0.1], [6652501.0, 0.0001], [6651796.0, 1.264], [6651795.0, 0.0025], [6651616.0, 0.02], [6651458.0, 0.01], [6651251.0, 0.0001], [6651200.0, 0.0655], [6650912.0, 0.02]], "timestamp": 1618034572.04913}
{"asks": [[6659154.0, 0.01797659], [6659160.0, 0.01798623], [6659166.0, 0.01797824], [6659172.0, 0.02], [6659220.0, 0.0112627], [6659224.0, 0.019999], [6659651.0, 0.005], [6659655.0, 0.005], [6659676.0, 0.02], [6659678.0, 0.002], [6659872.0, 0.03184126], [6660342.0, 0.0011], [6660343.0, 0.0804], [6660584.0, 0.001], [6660674.0, 0.0176], [6660678.0, 0.12], [6660799.0, 0.0776], [6660939.0, 0.001], [6661062.0, 0.0807], [6661111.0, 0.12], [6661249.0, 0.0001], [6661542.0, 0.005], [6661544.0, 0.12], [6661977.0, 0.12], [6662056.0, 0.0505], [6662183.0, 0.0808], [6662411.0, 0.12], [6662415.0, 0.001], [6662499.0, 0.0001], [6663427.0, 0.005], [6663429.0, 0.12], [6663537.0, 0.0808], [6663749.0, 0.0001], [6663816.0, 0.048], [6663872.0, 0.0655], [6664924.0, 0.00971071], [6664927.0, 0.001], [6664930.0, 0.00970824], [6664935.0, 0.00970825], [6664942.0, 0.07239965]], "bids": [[6658751.0, 0.0001], [6657501.0, 0.00077081], [6656327.0, 0.12], [6656251.0, 0.0001], [6655904.0, 0.0033], [6655903.0, 0.0515], [6655648.0, 0.12], [6655283.0, 0.0807], [6655168.0, 0.1984], [6655004.0, 0.0149999], [6655001.0, 0.0001], [6654781.0, 0.0804], [6654550.0, 0.048], [6654243.0, 0.12], [6653855.0, 0.0087], [6653804.0, 0.12], [6653751.0, 0.0101], [6653565.0, 0.0816], [6653243.0, 0.12], [6653213.0, 0.052], [6652751.0, 0.006], [6652501.0, 0.0001], [6651885.0, 0.005], [6651884.0, 0.00971071], [6651881.0, 0.001], [6651878.0, 0.00970824], [6651873.0, 0.00970825], [6651866.0, 0.49924498], [6651486.0, 0.0025], [6651349.0, 0.0018], [6651251.0, 0.0001], [6651200.0, 0.0655], [6651121.0, 0.01], [6650923.0, 0.02], [6650912.0, 0.02], [6650760.0, 0.001], [6650755.0, 0.00971466], [6650752.0, 0.00971754], [6650750.0, 0.00970585], [6650746.0, 1.264]], "timestamp": 1618034577.0267446}
{"asks": [[6656178.0, 0.02], [6656309.0, 0.005], [6656310.0, 0.002], [6657526.0, 0.01126873], [6657620.0, 0.019999], [6657653.0, 0.12], [6658085.0, 0.12], [6658092.0, 0.005], [6658516.0, 0.0066], [6658517.0, 0.12], [6658665.0, 0.03184126], [6658710.0, 0.0176], [6658883.0, 0.05], [6658937.0, 0.00970824], [6658942.0, 0.00970825], [6658949.0, 0.12], [6658979.0, 0.01128877], [6659359.0, 0.0768], [6659381.0, 0.12], [6659813.0, 0.12], [6660244.0, 0.005], [6660356.0, 0.0515], [6660799.0, 0.0776], [6661091.0, 0.001], [6661249.0, 0.0001], [6662056.0, 0.0505], [6662183.0, 0.0808], [6662499.0, 0.0001], [6663253.0, 0.0025], [6663384.0, 0.001], [6663392.0, 0.00971754], [6663397.0, 0.07239965], [6663426.0, 0.1560848], [6663537.0, 0.0808], [6663718.0, 0.01], [6663749.0, 0.0001], [6663816.0, 0.048], [6663872.0, 0.0655], [6664902.0, 0.00971466], [6664905.0, 0.00970585]], "bids": [[6655000.0, 0.001], [6653918.0, 0.03], [6653805.0, 0.0011], [6653804.0, 0.12], [6653751.0, 0.0001], [6653243.0, 0.12], [6652751.0, 0.12], [6652502.0, 0.0087], [6652501.0, 0.0001], [6652405.0, 0.0776], [6652338.0, 0.0018], [6651994.0, 0.0485], [6651905.0, 0.00970825], [6651898.0, 0.12], [6651258.0, 0.00971754], [6651251.0, 0.1201], [6651147.0, 0.001], [6650966.0, 0.01121102], [6650801.0, 0.001], [6650793.0, 0.00970585], [6650790.0, 0.49192092], [6650745.0, 0.12425951], [6650638.0, 0.005], [6650637.0, 0.08], [6650245.0, 0.02], [6650062.0, 0.0465], [6650004.0, 0.01], [6650001.0, 0.0001], [6649930.0, 0.02], [6649000.0, 0.006], [6648878.0, 0.002], [6648769.0, 0.00971466], [6648767.0, 0.005], [6648766.0, 0.00971071], [6648760.0, 0.001], [6648757.0, 0.00970824], [6648753.0, 0.003], [6648752.0, 0.8772], [6648751.0, 0.0001], [6648568.0, 0.0655]], "timestamp": 1618034582.0161488}
{"asks": [[6656249.0, 0.0001], [6658749.0, 0.0001], [6659100.0, 0.001], [6659977.0, 0.01128877], [6659999.0, 0.0001], [6660368.0, 0.12], [6660558.0, 0.019999], [6660594.0, 0.048], [6660644.0, 0.03184126], [6660668.0, 0.0176], [6660683.0, 0.0808], [6660799.0, 0.12], [6661077.0, 0.01126575], [6661249.0, 0.1201], [6662056.0, 0.1705], [6662183.0, 0.0808], [6662499.0, 0.1201], [6663339.0, 0.1225], [6663373.0, 0.00971071], [6663537.0, 0.0808], [6663583.0, 0.001], [6663718.0, 0.01], [6663749.0, 0.0001], [6663816.0, 0.048], [6663872.0, 0.0655], [6664299.0, 0.1560848], [6664300.0, 0.02], [6664994.0, 0.00971754], [6664999.0, 0.0001], [6665110.0, 0.07239965], [6665405.0, 0.001], [6665410.0, 0.01942051], [6665413.0, 0.007], [6665890.0, 0.001], [6665982.0, 0.13369235], [6666191.0, 0.1], [6666982.0, 0.01683904], [6667467.0, 0.00970825], [6667474.0, 0.0828], [6667839.0, 0.001]], "bids": [[6656204.0, 0.003], [6656176.0, 0.0034], [6655812.0, 0.0137], [6655811.0, 0.01798623], [6655475.0, 0.0200018], [6655098.0, 0.0011], [6655097.0, 0.12], [6655001.0, 0.04], [6655000.0, 0.001], [6654666.0, 0.12], [6654235.0, 0.12], [6653816.0, 0.005], [6653815.0, 0.001], [6653804.0, 0.12], [6653751.0, 0.0001], [6653741.0, 0.0776], [6653635.0, 0.001], [6653243.0, 0.12], [6652781.0, 0.59629376], [6652501.0, 0.0001], [6652405.0, 0.0776], [6651995.0, 0.005], [6651994.0, 0.0485], [6651966.0, 0.01121102], [6651251.0, 0.0001], [6651055.0, 0.0018], [6650812.0, 0.00971071], [6650745.0, 0.00425951], [6650637.0, 0.08], [6650593.0, 0.002], [6650062.0, 0.0465], [6650004.0, 0.01], [6650001.0, 0.0001], [6649000.0, 0.006], [6648793.0, 0.001], [6648790.0, 0.00970824], [6648785.0, 0.01070825], [6648778.0, 0.24795667], [6648777.0, 0.00971466], [6648774.0, 0.00971754]], "timestamp": 1618034587.0636077}
{"asks": [[6659100.0, 0.001], [6659999.0, 0.0001], [6661249.0, 0.0001], [6661708.0, 0.0209], [6662056.0, 0.12], [6662088.0, 0.01128877], [6662366.0, 0.03184126], [6662408.0, 0.0176], [6662430.0, 0.0112632], [6662499.0, 0.1201], [6662762.0, 0.002], [6662916.0, 0.019999], [6663339.0, 0.12], [6663537.0, 0.0808], [6663749.0, 0.0001], [6663816.0, 0.168], [6663872.0, 0.0655], [6664273.0, 0.13], [6664887.0, 0.14], [6664999.0, 0.0001], [6665058.0, 0.0025], [6665175.0, 0.001], [6665413.0, 0.007], [6665969.0, 0.001], [6665970.0, 0.00970825], [6665977.0, 0.00971754], [6665982.0, 0.13369235], [6666729.0, 0.0808], [6666965.0, 0.001], [6666973.0, 0.01942051], [6667333.0, 0.001], [6667367.0, 0.051], [6667474.0, 0.0828], [6667838.0, 0.1560848], [6668393.0, 0.00970824], [6669333.0, 0.001], [6669770.0, 0.02], [6669944.0, 0.001], [6669993.0, 0.00971071], [6669999.0, 0.0001]], "bids": [[6658622.0, 0.01], [6657930.0, 0.02], [6657744.0, 0.002], [6657698.0, 0.0034], [6657487.0, 0.0137], [6657344.0, 0.03], [6657339.0, 0.04], [6657338.0, 0.0784], [6657252.0, 0.12], [6656821.0, 0.12], [6656626.0, 0.0200018], [6656391.0, 0.0022], [6656390.0, 0.12], [6656192.0, 0.001], [6656186.0, 0.05394106], [6656180.0, 0.04], [6656171.0, 0.0485], [6655960.0, 0.005], [6655959.0, 0.12], [6655528.0, 0.12], [6655384.0, 0.0816], [6655224.0, 0.001], [6655097.0, 0.12], [6655000.0, 0.001], [6654823.0, 0.048], [6654081.0, 0.005], [6654080.0, 0.01121102], [6653751.0, 0.0001], [6653741.0, 0.0776], [6653087.0, 0.0018], [6652801.0, 0.00970824], [6652796.0, 0.00970825], [6652789.0, 0.00971754], [6652784.0, 0.2972], [6652501.0, 0.0001], [6652405.0, 0.0776], [6652128.0, 0.23241847], [6651994.0, 0.0485], [6651251.0, 0.0001], [6651204.0, 0.01]], "timestamp": 1618034592.1535702}
{"asks": [[6659100.0, 0.001], [6659999.0, 0.0001], [6661249.0, 0.0001], [6661305.0, 0.0143], [6661625.0, 0.12], [6661645.0, 0.019999], [6661998.0, 0.0784], [6662056.0, 0.12], [6662133.0, 0.0784], [6662159.0, 0.01126378], [6662312.0, 0.0515], [6662499.0, 0.1201], [6662772.0, 0.0784], [6662812.0, 0.01128877], [6662937.0, 0.03184126], [6663016.0, 0.0176], [6663331.0, 0.001], [6663339.0, 0.12], [6663537.0, 0.0808], [6663749.0, 0.0001], [6663796.0, 0.1176], [6663816.0, 0.168], [6663872.0, 0.0655], [6663887.0, 0.002], [6664273.0, 0.12], [6664712.0, 0.001], [6664999.0, 0.0001], [6665413.0, 0.007], [6665860.0, 0.07239965], [6665982.0, 0.11705494], [6665986.0, 0.0025], [6666459.0, 0.01], [6666729.0, 0.0808], [6667070.0, 0.02], [6667339.0, 0.00971754], [6667344.0, 0.00971071], [6667350.0, 0.00970824], [6667355.0, 0.00970825], [6667367.0, 0.051], [6667832.0, 0.01942051]], "bids": [[6657930.0, 2e-06], [6657769.0, 0.01], [6657257.0, 0.03], [6657252.0, 0.12], [6656883.0, 0.0137], [6656882.0, 0.0808], [6656823.0, 0.002], [6656821.0, 0.12], [6656508.0, 0.079], [6656391.0, 0.0022], [6656390.0, 0.12], [6656251.0, 0.0001], [6656180.0, 0.04], [6656171.0, 0.0485], [6656020.0, 0.0784], [6655959.0, 0.12], [6655528.0, 0.12], [6655384.0, 0.0816], [6655098.0, 0.005], [6655097.0, 0.12], [6655001.0, 0.0001], [6655000.0, 0.001], [6654890.0, 0.1176], [6654823.0, 0.048], [6654802.0, 0.01121102], [6654763.0, 0.001], [6654337.0, 0.0018], [6653751.0, 0.0001], [6653741.0, 0.0776], [6653297.0, 0.00971754], [6653295.0, 0.00970585], [6653292.0, 0.00971071], [6653289.0, 0.001], [6653287.0, 0.005], [6653286.0, 0.00970824], [6653281.0, 0.001], [6653280.0, 0.00970825], [6653273.0, 0.4764333], [6652930.0, 0.01], [6652784.0, 0.2972]], "timestamp": 1618034597.1089442}
{"asks": [[6659999.0, 0.0001], [6661249.0, 0.0001], [6661287.0, 0.001], [6661292.0, 0.0077], [6661293.0, 0.01797824], [6661625.0, 0.12], [6661998.0, 0.0784], [6662056.0, 0.12], [6662181.0, 0.03184126], [6662279.0, 0.0176], [6662499.0, 0.1201], [6662512.0, 0.011263], [6662735.0, 0.019999], [6662772.0, 0.0784], [6663339.0, 0.12], [6663343.0, 0.01128877], [6663537.0, 0.0808], [6663749.0, 0.0001], [6663796.0, 0.1176], [6663816.0, 0.168], [6663872.0, 0.0655], [6664273.0, 0.12], [6664619.0, 0.002], [6664999.0, 0.0001], [6665155.0, 0.001], [6665413.0, 0.007], [6666361.0, 0.0025], [6666691.0, 0.001], [6666699.0, 0.07239965], [6666729.0, 0.0808], [6666850.0, 0.01], [6667367.0, 0.051], [6667473.0, 0.1560848], [6667615.0, 0.02], [6668289.0, 0.001], [6668349.0, 0.00970825], [6668356.0, 0.01942051], [6668359.0, 0.00971754], [6668364.0, 0.00971071], [6668370.0, 0.00970824]], "bids": [[6657930.0, 2e-06], [6657786.0, 0.03], [6657782.0, 0.0137], [6657781.0, 0.05], [6657638.0, 0.002], [6657501.0, 0.0001], [6657252.0, 0.12], [6656887.0, 0.00971754], [6656882.0, 0.0808], [6656822.0, 0.0011], [6656821.0, 0.12], [6656508.0, 0.079], [6656390.0, 0.12], [6656251.0, 0.0001], [6656180.0, 0.04], [6656171.0, 0.0485], [6655959.0, 0.12], [6655529.0, 0.005], [6655528.0, 0.12], [6655384.0, 0.0816], [6655346.0, 0.01121102], [6655205.0, 0.001], [6655165.0, 0.0018], [6655097.0, 0.12], [6655001.0, 0.0001], [6655000.0, 0.001], [6654832.0, 0.48798548], [6654823.0, 0.048], [6653752.0, 0.005], [6653751.0, 0.0001], [6653741.0, 0.0776], [6653307.0, 0.00971071], [6652930.0, 0.01], [6652799.0, 0.001], [6652796.0, 0.00970824], [6652511.0, 0.00970825], [6652504.0, 0.00970585], [6652501.0, 0.0001], [6652417.0, 0.001], [6652409.0, 0.00971466]], "timestamp": 1618034602.06677}
{"asks": [[6661063.0, 0.007], [6661619.0, 0.03596282], [6661914.0, 0.0055], [6661998.0, 0.0784], [6662056.0, 0.12], [6662181.0, 0.03184126], [6662279.0, 0.0176], [6662292.0, 0.019999], [6662332.0, 0.0476], [6662499.0, 0.1201], [6662512.0, 0.011263], [6662772.0, 0.0784], [6663331.0, 0.001], [6663339.0, 0.12], [6663375.0, 0.0792], [6663537.0, 0.0808], [6663749.0, 0.0001], [6663796.0, 0.1176], [6663816.0, 0.168], [6663872.0, 0.0655], [6664273.0, 0.12], [6664473.0, 0.01128877], [6664819.0, 0.1568], [6664944.0, 0.002], [6664999.0, 0.1201], [6665284.0, 0.001], [6666361.0, 0.0025], [6666661.0, 0.07239965], [6666729.0, 0.0808], [6666910.0, 0.01], [6667367.0, 0.051], [6667614.0, 0.1560848], [6667904.0, 0.02], [6668338.0, 0.00971071], [6668388.0, 0.001], [6668536.0, 0.001], [6668579.0, 0.001], [6668588.0, 0.01942051], [6669226.0, 0.00970824], [6669231.0, 0.00970825]], "bids": [[6658241.0, 0.002], [6658183.0, 0.03], [6658178.0, 0.0476], [6657930.0, 2e-06], [6657792.0, 0.001], [6657782.0, 0.0011], [6657781.0, 0.05], [6657683.0, 0.12], [6657503.0, 0.0137], [6657501.0, 0.0001], [6657252.0, 0.12], [6657216.0, 0.0792], [6656882.0, 0.0808], [6656821.0, 0.12], [6656508.0, 0.079], [6656477.0, 0.01121102], [6656390.0, 0.12], [6656251.0, 0.0001], [6656180.0, 0.1588], [6656171.0, 0.0485], [6655959.0, 0.12], [6655531.0, 0.005], [6655528.0, 0.12], [6655384.0, 0.0816], [6655334.0, 0.001], [6655288.0, 0.0018], [6655001.0, 0.0001], [6655000.0, 0.001], [6654823.0, 0.048], [6654410.0, 0.00970824], [6654405.0, 0.49776189], [6653753.0, 0.005], [6653751.0, 0.0001], [6653741.0, 0.0776], [6652930.0, 0.01], [6652535.0, 0.001], [6652527.0, 0.001], [6652526.0, 0.00970825], [6652519.0, 0.01942051], [6652516.0, 0.00971754]], "timestamp": 1618034607.008}
{"asks": [[6660839.0, 0.01], [6661063.0, 0.007], [6661345.0, 0.03184126], [6661468.0, 0.0176], [6661624.0, 0.0011], [6661798.0, 0.0481], [6661854.0, 0.01126185], [6662056.0, 0.12], [6662292.0, 0.019999], [6662499.0, 0.1201], [6662772.0, 0.0784], [6663339.0, 0.12], [6663375.0, 0.0792], [6663537.0, 0.0808], [6663749.0, 0.0001], [6663796.0, 0.1176], [6663816.0, 0.168], [6663872.0, 0.0655], [6664074.0, 0.002], [6664273.0, 0.12], [6664404.0, 0.01128877], [6664819.0, 0.2768], [6664999.0, 0.0001], [6665248.0, 0.001], [6666729.0, 0.0808], [6666916.0, 0.0025], [6667124.0, 0.01], [6667367.0, 0.051], [6667663.0, 0.02], [6667903.0, 0.1560848], [6668337.0, 0.001], [6668387.0, 0.01683904], [6668549.0, 0.001], [6669199.0, 0.00970824], [6669204.0, 0.002], [6669212.0, 0.01942051], [6669215.0, 0.00971754], [6669729.0, 0.02], [6669931.0, 0.00971071], [6669937.0, 0.00970825]], "bids": [[6660001.0, 0.0001], [6658751.0, 0.0001], [6657930.0, 2e-06], [6657782.0, 0.0011], [6657543.0, 0.001], [6657537.0, 0.05], [6657501.0, 0.0001], [6657286.0, 0.0137], [6657283.0, 0.002], [6657257.0, 0.00971754], [6657252.0, 0.12], [6657216.0, 0.0792], [6656882.0, 0.0808], [6656821.0, 0.12], [6656508.0, 0.079], [6656406.0, 0.01121102], [6656390.0, 0.12], [6656251.0, 0.0001], [6656180.0, 0.1588], [6656171.0, 0.0485], [6655959.0, 0.12], [6655541.0, 0.0018], [6655528.0, 0.12], [6655514.0, 0.1584], [6655461.0, 0.005], [6655384.0, 0.0816], [6655297.0, 0.001], [6655001.0, 0.1201], [6655000.0, 0.001], [6654823.0, 0.048], [6654440.0, 0.45901166], [6653751.0, 0.0001], [6653741.0, 0.0776], [6652938.0, 0.00971071], [6652933.0, 0.005], [6652932.0, 0.24450677], [6652930.0, 0.01], [6652554.0, 0.001], [6652546.0, 0.001], [6652545.0, 0.00970825]], "timestamp": 1618034612.0612545}
{"asks": [[6660937.0, 0.01797659], [6661063.0, 0.007], [6661292.0, 0.019999], [6661345.0, 0.03184126], [6661468.0, 0.0176], [6662042.0, 0.01126047], [6662056.0, 0.12], [6662291.0, 0.0033], [6662307.0, 0.0803], [6662499.0, 0.1201], [6662772.0, 0.0784], [6663339.0, 0.12], [6663537.0, 0.0808], [6663749.0, 0.0001], [6663796.0, 0.1176], [6663816.0, 0.12], [6663872.0, 0.0655], [6664273.0, 0.12], [6664472.0, 0.01128877], [6664606.0, 0.002], [6664819.0, 0.2768], [6664999.0, 0.0001], [6665077.0, 0.049], [6665423.0, 0.001], [6666729.0, 0.0808], [6667367.0, 0.051], [6667575.0, 0.1560848], [6667576.0, 0.0025], [6668140.0, 0.01], [6668172.0, 0.001], [6668648.0, 0.02], [6669625.0, 0.001], [6669684.0, 0.001], [6669692.0, 0.00971754], [6669697.0, 0.00971071], [6669703.0, 0.001], [6669706.0, 0.00970824], [6669711.0, 0.00970825], [6669941.0, 0.00971466], [6669944.0, 0.001]], "bids": [[6660001.0, 0.0001], [6659096.0, 0.001], [6658751.0, 0.0001], [6657930.0, 2e-06], [6657782.0, 0.0011], [6657661.0, 0.002], [6657543.0, 0.001], [6657537.0, 0.05], [6657501.0, 0.0001], [6657302.0, 0.001], [6657297.0, 0.00971466], [6657295.0, 0.0137], [6657294.0, 0.00971754], [6657289.0, 0.00970824], [6657276.0, 0.00971071], [6657269.0, 0.00970825], [6657252.0, 0.12], [6657216.0, 0.0792], [6656894.0, 0.001], [6656882.0, 0.0808], [6656821.0, 0.12], [6656508.0, 0.079], [6656478.0, 0.01121102], [6656390.0, 0.12], [6656251.0, 0.0001], [6656180.0, 0.1588], [6656171.0, 0.0485], [6655959.0, 0.12], [6655528.0, 0.12], [6655514.0, 0.1584], [6655473.0, 0.005], [6655472.0, 0.001], [6655456.0, 0.0018], [6655384.0, 0.0816], [6655001.0, 0.1301], [6655000.0, 0.001], [6654823.0, 0.048], [6654001.0, 0.006], [6653751.0, 0.0001], [6653744.0, 0.00970585]], "timestamp": 1618034617.1702535}
{"asks": [[6660937.0, 0.01797659], [6661063.0, 0.007], [6661345.0, 0.03184126], [6661468.0, 0.0176], [6662042.0, 0.01126047], [6662056.0, 0.12], [6662061.0, 0.019999], [6662291.0, 0.0033], [6662307.0, 0.0803], [6662499.0, 0.1201], [6662772.0, 0.0784], [6663339.0, 0.12], [6663537.0, 0.0808], [6663749.0, 0.0001], [6663796.0, 0.1176], [6663816.0, 0.12], [6663872.0, 0.0655], [6664273.0, 0.12], [6664363.0, 0.01128877], [6664794.0, 0.002], [6664819.0, 0.2768], [6664999.0, 0.0001], [6665077.0, 0.049], [6665597.0, 0.001], [6666699.0, 0.07239965], [6666729.0, 0.0808], [6667367.0, 0.051], [6667521.0, 0.0025], [6668140.0, 0.01], [6668548.0, 0.01683904], [6668626.0, 0.02], [6669056.0, 0.001], [6669711.0, 0.001], [6669895.0, 0.001], [6669903.0, 0.00970917], [6669910.0, 0.001], [6669912.0, 0.00970585], [6669915.0, 0.00971466], [6669918.0, 0.00971754], [6669923.0, 0.00971071]], "bids": [[6660001.0, 0.0001], [6659808.0, 0.001], [6658751.0, 0.0001], [6658549.0, 0.002], [6658400.0, 0.003], [6658166.0, 0.0022], [6657930.0, 2e-06], [6657543.0, 0.001], [6657537.0, 0.05], [6657501.0, 0.0001], [6657332.0, 0.00970917], [6657330.0, 0.001], [6657325.0, 0.00970585], [6657322.0, 0.00971754], [6657316.0, 0.00971071], [6657310.0, 0.00970824], [6657252.0, 0.12], [6657216.0, 0.0792], [6656891.0, 0.001], [6656884.0, 0.0137], [6656882.0, 0.0808], [6656821.0, 0.12], [6656508.0, 0.079], [6656390.0, 0.12], [6656381.0, 0.01121102], [6656251.0, 0.0001], [6656180.0, 0.1588], [6656171.0, 0.0485], [6655959.0, 0.12], [6655672.0, 0.0018], [6655646.0, 0.001], [6655529.0, 1.264], [6655528.0, 0.12], [6655514.0, 0.1584], [6655384.0, 0.0816], [6655003.0, 0.005], [6655001.0, 0.1301], [6655000.0, 0.001], [6654823.0, 0.048], [6654034.0, 0.00971466]], "timestamp": 1618034622.108886}
{"asks": [[6660937.0, 0.01697659], [6661023.0, 0.0491], [6661063.0, 0.007], [6661689.0, 0.0818], [6661870.0, 0.019999], [6661914.0, 0.01126047], [6662052.0, 0.03184126], [6662101.0, 0.0176], [6662291.0, 0.0033], [6662307.0, 0.0803], [6662499.0, 0.1201], [6663339.0, 0.12], [6663537.0, 0.0808], [6663749.0, 0.0001], [6663796.0, 0.1176], [6663816.0, 0.12], [6663872.0, 0.0655], [6664273.0, 0.12], [6664329.0, 0.002], [6664397.0, 0.01128877], [6664819.0, 0.12], [6664999.0, 0.0001], [6665803.0, 0.0515], [6666669.0, 0.19239965], [6666729.0, 0.0808], [6667367.0, 0.051], [6667436.0, 0.0025], [6667471.0, 0.1966], [6667574.0, 0.1560848], [6668134.0, 0.01], [6668547.0, 0.01683904], [6668639.0, 0.02], [6669654.0, 0.001], [6669831.0, 0.00971071], [6669834.0, 0.001], [6669837.0, 0.00970824], [6669842.0, 0.00970917], [6669849.0, 0.00970585], [6669852.0, 0.02], [6669879.0, 0.001]], "bids": [[6660011.0, 0.001], [6660001.0, 0.0001], [6658793.0, 0.002], [6658751.0, 0.0001], [6658400.0, 0.003], [6657930.0, 2e-06], [6657839.0, 0.0493], [6657704.0, 0.01897947], [6657699.0, 0.001], [6657698.0, 0.00970917], [6657691.0, 0.00971754], [6657683.0, 0.0066], [6657682.0, 0.12], [6657625.0, 0.0485], [6657501.0, 0.0001], [6657269.0, 0.00971071], [6657263.0, 0.00970824], [6657252.0, 0.12], [6657216.0, 0.0792], [6656890.0, 0.001], [6656883.0, 0.0137], [6656882.0, 0.0808], [6656821.0, 0.12], [6656581.0, 0.0818], [6656429.0, 0.01121102], [6656396.0, 0.00970585], [6656393.0, 0.00971466], [6656390.0, 0.12], [6656251.0, 0.0001], [6656180.0, 0.1588], [6656171.0, 0.0485], [6655959.0, 0.12], [6655528.0, 0.12], [6655514.0, 0.1584], [6655384.0, 0.0816], [6655002.0, 0.005], [6655001.0, 0.0101], [6655000.0, 0.001], [6654823.0, 0.048], [6654064.0, 0.48763131]], "timestamp": 1618034627.0171645}
{"asks": [[6660282.0, 0.001], [6660288.0, 0.01797947], [6660293.0, 0.04], [6660300.0, 0.011261], [6660305.0, 0.019999], [6660713.0, 0.03184126], [6660762.0, 0.0176], [6661063.0, 0.007], [6661074.0, 0.002], [6661206.0, 0.12], [6661636.0, 0.0011], [6661637.0, 0.12], [6661672.0, 0.08], [6662068.0, 0.12], [6662499.0, 0.1201], [6662986.0, 0.0495], [6663128.0, 0.01128877], [6663339.0, 0.12], [6663537.0, 0.0808], [6663749.0, 0.0001], [6663816.0, 0.12], [6663872.0, 0.0655], [6663919.0, 0.001], [6664383.0, 0.0515], [6664969.0, 0.07239965], [6664999.0, 0.0001], [6665803.0, 0.0515], [6666658.0, 0.00971754], [6666663.0, 0.00970824], [6666668.0, 0.1560848], [6666729.0, 0.0808], [6667205.0, 0.0025], [6667367.0, 0.051], [6667449.0, 0.001], [6667471.0, 0.1966], [6667827.0, 0.15], [6668066.0, 0.001], [6668140.0, 0.01], [6668638.0, 0.01683904], [6668639.0, 0.02]], "bids": [[6658890.0, 0.003], [6658889.0, 0.0011], [6658751.0, 0.0001], [6658400.0, 0.003], [6657930.0, 2e-06], [6657576.0, 0.002], [6657501.0, 0.0001], [6657253.0, 0.0033], [6657252.0, 0.12], [6656821.0, 0.12], [6656752.0, 0.08], [6656390.0, 0.12], [6656251.0, 0.0001], [6656180.0, 0.04], [6656171.0, 0.0485], [6655959.0, 0.12], [6655529.0, 0.0137], [6655528.0, 0.12], [6655438.0, 0.0819], [6655384.0, 0.0816], [6655169.0, 0.01121102], [6655003.0, 0.12], [6655001.0, 0.0001], [6655000.0, 0.001], [6654823.0, 0.048], [6654074.0, 0.00970917], [6654072.0, 0.001], [6654070.0, 0.00970585], [6654067.0, 0.00971466], [6654001.0, 0.006], [6653970.0, 0.001], [6653889.0, 0.01], [6653751.0, 0.0001], [6653741.0, 0.0776], [6653507.0, 0.005], [6653415.0, 0.0018], [6653101.0, 0.0025], [6652843.0, 0.00971754], [6652838.0, 0.48606033], [6652808.0, 0.01]], "timestamp": 1618034632.009865}
{"asks": [[6659530.0, 0.01797659], [6659806.0, 0.01126237], [6659862.0, 0.019999], [6660354.0, 0.081], [6660713.0, 0.03184126], [6660762.0, 0.0176], [6661063.0, 0.007], [6661174.0, 0.002], [6661206.0, 0.12], [6661249.0, 0.0001], [6661636.0, 0.0011], [6661637.0, 0.12], [6661672.0, 0.08], [6662068.0, 0.12], [6662499.0, 0.1201], [6662986.0, 0.0495], [6663339.0, 0.12], [6663537.0, 0.0808], [6663699.0, 0.01128877], [6663749.0, 0.0001], [6663811.0, 0.001], [6663816.0, 0.12], [6663872.0, 0.0655], [6664383.0, 0.0515], [6664999.0, 0.0001], [6665802.0, 0.1560848], [6665803.0, 0.0515], [6666257.0, 0.0025], [6666632.0, 0.00971754], [6666637.0, 0.00971071], [6666640.0, 0.001], [6666643.0, 0.00970824], [6666729.0, 0.0808], [6667153.0, 0.01], [6667357.0, 0.00970917], [6667359.0, 0.001], [6667361.0, 0.00970585], [6667364.0, 0.00971466], [6667367.0, 0.051], [6667471.0, 0.1966]], "bids": [[6658889.0, 0.0011], [6658751.0, 0.0001], [6658400.0, 0.003], [6657930.0, 2e-06], [6657672.0, 0.001], [6657501.0, 0.0001], [6657298.0, 0.002], [6657253.0, 0.0033], [6657252.0, 0.12], [6656821.0, 0.12], [6656390.0, 0.12], [6656251.0, 0.0001], [6656180.0, 0.04], [6656171.0, 0.0485], [6655959.0, 0.12], [6655740.0, 0.01121102], [6655528.0, 0.12], [6655438.0, 0.0819], [6655384.0, 0.0816], [6655026.0, 0.0137], [6655022.0, 0.081], [6655003.0, 0.12], [6655001.0, 0.0001], [6655000.0, 0.001], [6654823.0, 0.048], [6653889.0, 0.01], [6653862.0, 0.001], [6653751.0, 0.0001], [6653741.0, 0.0776], [6653628.0, 0.0018], [6653105.0, 0.005], [6652889.0, 0.006], [6652872.0, 0.00971466], [6652869.0, 0.00971754], [6652864.0, 0.00971071], [6652861.0, 0.001], [6652858.0, 0.00970824], [6652513.0, 0.00970585], [6652510.0, 0.001], [6652509.0, 0.00970917]], "timestamp": 1618034637.086984}
{"asks": [[6658211.0, 0.01797659], [6658217.0, 0.029], [6658222.0, 0.01126695], [6658225.0, 0.019999], [6658631.0, 0.12], [6658707.0, 0.005], [6658716.0, 0.02764126], [6658737.0, 0.0176], [6659059.0, 0.12], [6659277.0, 0.002], [6659487.0, 0.0033], [6659488.0, 0.12], [6659885.0, 0.0768], [6659915.0, 0.01477045], [6659917.0, 0.12], [6660037.0, 0.048], [6660346.0, 0.12], [6660776.0, 0.12], [6661063.0, 0.007], [6661249.0, 0.0001], [6661497.0, 0.051], [6661672.0, 0.08], [6662499.0, 0.0001], [6662643.0, 0.001], [6662986.0, 0.0495], [6663484.0, 0.0025], [6663537.0, 0.0808], [6663749.0, 0.0001], [6663872.0, 0.0655], [6664383.0, 0.0515], [6664515.0, 0.01], [6664969.0, 0.07239965], [6664999.0, 0.0001], [6665729.0, 0.001], [6665737.0, 0.02], [6665772.0, 0.00970585], [6665775.0, 0.001], [6665776.0, 0.00970917], [6665783.0, 0.00971466], [6665786.0, 0.00971754]], "bids": [[6655004.0, 0.003], [6655002.0, 0.002], [6655001.0, 0.0001], [6655000.0, 0.001], [6653906.0, 0.001], [6653901.0, 0.01797947], [6653896.0, 0.0137], [6653895.0, 0.001], [6653889.0, 0.12], [6653751.0, 0.0001], [6653741.0, 0.0776], [6653663.0, 0.05], [6653137.0, 0.00970585], [6653134.0, 0.001], [6653133.0, 0.00970917], [6653126.0, 0.00971466], [6653122.0, 0.00971754], [6653117.0, 0.00971071], [6653105.0, 0.12], [6652919.0, 0.4969076], [6652889.0, 0.006], [6652696.0, 0.001], [6652521.0, 0.12], [6652501.0, 0.0001], [6652405.0, 0.0776], [6652287.0, 0.0018], [6651995.0, 0.005], [6651994.0, 0.1685], [6651950.0, 0.00348168], [6651506.0, 0.12], [6651391.0, 0.02], [6651251.0, 0.0001], [6650967.0, 0.12], [6650966.0, 0.0655], [6650740.0, 0.01], [6650136.0, 0.001], [6650129.0, 0.005], [6650128.0, 0.05], [6650068.0, 0.02], [6650002.0, 1.2645]], "timestamp": 1618034642.0809345}
{"asks": [[6656932.0, 0.02764126], [6656946.0, 0.0176], [6657326.0, 0.02], [6657327.0, 0.003], [6657498.0, 0.98979], [6657499.0, 0.0001], [6657775.0, 0.12], [6657918.0, 0.05494848], [6657924.0, 0.03596282], [6657997.0, 0.0816], [6658203.0, 0.12], [6658384.0, 0.048], [6658472.0, 0.019999], [6658631.0, 0.12], [6658716.0, 0.01126707], [6658749.0, 0.0001], [6658774.0, 0.002], [6658852.0, 0.005], [6659059.0, 0.12], [6659487.0, 0.0033], [6659488.0, 0.12], [6659885.0, 0.0768], [6659917.0, 0.12], [6659934.0, 0.0495], [6659999.0, 0.0001], [6661063.0, 0.007], [6661249.0, 0.0001], [6661282.0, 0.01477045], [6661497.0, 0.051], [6661564.0, 0.0655], [6661672.0, 0.08], [6662499.0, 0.0001], [6662539.0, 0.001], [6662956.0, 0.07239965], [6663537.0, 0.0808], [6663551.0, 0.0025], [6663749.0, 0.0001], [6664341.0, 0.01], [6664382.0, 0.1560848], [6664800.0, 0.02]], "bids": [[6655785.0, 0.002], [6655001.0, 0.0001], [6655000.0, 0.001], [6654962.0, 0.001], [6654957.0, 0.0044], [6654057.0, 0.001], [6653961.0, 0.12], [6653752.0, 0.0137], [6653751.0, 0.0001], [6653533.0, 0.12], [6653319.0, 0.00348168], [6653105.0, 0.12], [6652521.0, 0.12], [6652501.0, 0.0001], [6652405.0, 0.0776], [6651994.0, 0.12], [6651445.0, 0.12971071], [6651443.0, 0.005], [6651442.0, 0.001], [6651439.0, 0.00970824], [6651434.0, 0.00970585], [6651431.0, 0.00970917], [6651429.0, 0.001], [6651424.0, 0.00971466], [6651421.0, 0.46884755], [6651251.0, 0.0001], [6650966.0, 0.0655], [6650740.0, 0.01], [6650144.0, 0.005], [6650141.0, 0.00971496], [6650128.0, 0.05], [6650003.0, 0.003], [6650002.0, 1.2645], [6650001.0, 0.0001], [6649997.0, 0.0025], [6649586.0, 0.23906531], [6649433.0, 0.02], [6649221.0, 0.001], [6649207.0, 0.01], [6649056.0, 0.02]], "timestamp": 1618034647.075761}
{"asks": [[6655536.0, 0.003], [6655603.0, 0.0112701], [6655719.0, 0.01797659], [6655725.0, 0.01798623], [6655731.0, 0.018999], [6655921.0, 0.002], [6656210.0, 0.01897947], [6656216.0, 0.02764126], [6656225.0, 0.0176], [6656474.0, 0.01897705], [6656491.0, 0.12], [6656508.0, 0.01], [6656916.0, 0.005], [6656919.0, 0.12], [6657347.0, 0.12], [6657499.0, 0.0001], [6657774.0, 0.0022], [6657775.0, 0.12], [6657997.0, 0.0816], [6658203.0, 0.12], [6658568.0, 0.0485], [6658631.0, 0.12], [6658749.0, 0.0001], [6659608.0, 0.01477045], [6659885.0, 0.0768], [6659934.0, 0.0495], [6659999.0, 0.0001], [6661063.0, 0.007], [6661249.0, 0.0001], [6661497.0, 0.051], [6661564.0, 0.0655], [6661672.0, 0.08], [6662469.0, 0.07239965], [6662499.0, 0.0001], [6663073.0, 0.0025], [6663464.0, 0.00971466], [6663467.0, 0.00971496], [6663472.0, 0.00971071], [6663478.0, 0.00970824], [6663483.0, 0.1560848]], "bids": [[6653106.0, 0.0033], [6653105.0, 0.12], [6652521.0, 0.12], [6652501.0, 0.0001], [6651994.0, 0.12], [6651919.0, 0.002], [6651912.0, 0.049], [6651642.0, 0.00348168], [6651579.0, 0.0018], [6651468.0, 0.001], [6651463.0, 0.00970585], [6651445.0, 0.12], [6651388.0, 0.001], [6651251.0, 0.0001], [6650741.0, 0.0137], [6650740.0, 0.13], [6650140.0, 0.12971496], [6650135.0, 0.00971071], [6650128.0, 0.05], [6650031.0, 0.49962033], [6650001.0, 0.0001], [6649900.0, 0.006], [6649192.0, 0.005], [6649191.0, 0.0025], [6649061.0, 0.001], [6648953.0, 0.02], [6648916.0, 0.00970824], [6648911.0, 0.24439744], [6648764.0, 0.003], [6648763.0, 1.2646], [6648751.0, 0.0001], [6648608.0, 0.0816], [6648484.0, 0.01], [6648426.0, 0.02], [6648308.0, 0.0655], [6648194.0, 0.02], [6648122.0, 0.1], [6647501.0, 0.0001], [6647475.0, 0.005], [6647376.0, 0.00426167]], "timestamp": 1618034652.0061991}
{"asks": [[6654500.0, 0.00122905], [6654505.0, 0.01798623], [6654564.0, 0.01797659], [6654570.0, 0.018999], [6655432.0, 0.00625451], [6655635.0, 0.12], [6655722.0, 0.02764126], [6655736.0, 0.0176], [6656062.0, 0.0033], [6656063.0, 0.12], [6656139.0, 0.005], [6656491.0, 0.12], [6656596.0, 0.0776], [6656919.0, 0.12], [6657347.0, 0.12], [6657401.0, 0.01477045], [6657499.0, 0.0001], [6657775.0, 0.12], [6657997.0, 0.0816], [6658568.0, 0.0485], [6658749.0, 0.0001], [6659379.0, 0.001], [6659817.0, 0.0655], [6659885.0, 0.0768], [6659934.0, 0.0495], [6659999.0, 0.0001], [6660380.0, 0.0025], [6661033.0, 0.07239965], [6661063.0, 0.007], [6661104.0, 0.01], [6661249.0, 0.0001], [6661496.0, 0.1560848], [6661497.0, 0.051], [6661611.0, 0.02], [6661672.0, 0.08], [6662499.0, 0.0001], [6663409.0, 0.001], [6663427.0, 0.001], [6663428.0, 0.00970917], [6663432.0, 0.01942051]], "bids": [[6652501.0, 0.0001], [6651531.0, 0.01897947], [6651525.0, 0.05], [6651446.0, 0.0033], [6651445.0, 0.12], [6651251.0, 0.0001], [6650929.0, 0.0768], [6650740.0, 0.12], [6650161.0, 0.0137], [6650140.0, 0.12], [6650128.0, 0.05], [6650001.0, 0.0001], [6649436.0, 0.001], [6649434.0, 0.00348168], [6649433.0, 0.0018], [6649192.0, 0.12], [6648981.0, 0.002], [6648751.0, 0.1201], [6648610.0, 0.005], [6648608.0, 0.0816], [6648308.0, 0.1855], [6648224.0, 0.48840054], [6647833.0, 0.006], [6647501.0, 0.0101], [6647376.0, 0.00426167], [6647291.0, 0.049], [6646620.0, 0.0025], [6646469.0, 0.001], [6646468.0, 0.00970917], [6646464.0, 0.01942051], [6646462.0, 0.005], [6646460.0, 0.00971496], [6646455.0, 0.00971071], [6646449.0, 0.00970824], [6646444.0, 1.2652], [6646393.0, 0.02], [6646258.0, 0.23287909], [6646251.0, 0.0001], [6646035.0, 0.0525], [6645896.0, 0.01]], "timestamp": 1618034657.01546}
{"asks": [[6655283.0, 0.0091], [6655400.0, 0.03], [6655405.0, 0.01798623], [6655411.0, 0.001], [6655419.0, 0.00970917], [6655450.0, 0.018999], [6655625.0, 0.02764126], [6655635.0, 0.12], [6655704.0, 0.002], [6656061.0, 0.048], [6656062.0, 0.0033], [6656063.0, 0.12], [6656249.0, 0.0001], [6656289.0, 0.0176], [6656491.0, 0.12], [6656596.0, 0.0776], [6656766.0, 0.0795], [6656919.0, 0.12], [6657221.0, 0.0515], [6657347.0, 0.12], [6657364.0, 0.08], [6657493.0, 0.01477045], [6657499.0, 0.0001], [6657775.0, 0.12], [6657997.0, 0.0816], [6658500.0, 0.001], [6658568.0, 0.0485], [6658749.0, 0.0001], [6659817.0, 0.0655], [6659885.0, 0.0768], [6659934.0, 0.0495], [6659958.0, 0.001], [6659999.0, 0.0001], [6660671.0, 0.0025], [6661032.0, 0.1560848], [6661063.0, 0.007], [6661104.0, 0.01], [6661249.0, 0.0001], [6661497.0, 0.051], [6661672.0, 0.08]], "bids": [[6652501.0, 0.0001], [6652054.0, 0.048], [6651874.0, 0.002], [6651531.0, 0.01797947], [6651446.0, 0.0033], [6651445.0, 0.12], [6651251.0, 0.0001], [6651033.0, 0.0798], [6650932.0, 0.0137], [6650929.0, 0.0768], [6650755.0, 0.08], [6650740.0, 0.12], [6650140.0, 0.12], [6650128.0, 0.05], [6650014.0, 0.001], [6650001.0, 0.0001], [6649995.0, 0.0018], [6649820.0, 0.1188], [6649524.0, 0.00348168], [6649192.0, 0.12], [6648787.0, 0.005], [6648786.0, 0.001], [6648783.0, 0.001], [6648778.0, 0.00970585], [6648775.0, 0.00970917], [6648771.0, 0.00971466], [6648767.0, 0.00971496], [6648762.0, 0.00971071], [6648751.0, 0.1201], [6648608.0, 0.0816], [6648308.0, 0.1855], [6647834.0, 0.23680121], [6647501.0, 0.0101], [6647376.0, 0.00426167], [6647293.0, 0.005], [6647291.0, 0.049], [6647113.0, 0.0025], [6646871.0, 0.02], [6646501.0, 0.006], [6646444.0, 1.2652]], "timestamp": 1618034662.0472603}
{"asks": [[6653222.0, 0.01798623], [6653228.0, 0.018799], [6653639.0, 0.02764126], [6653642.0, 0.0176], [6653857.0, 0.002], [6653863.0, 0.048], [6654317.0, 0.005], [6654769.0, 0.00971496], [6654771.0, 0.001], [6654774.0, 0.00970824], [6654779.0, 0.12], [6654864.0, 0.0799], [6654991.0, 0.00970917], [6655002.0, 0.0011], [6655003.0, 0.98979], [6655207.0, 0.12], [6655635.0, 0.12], [6655728.0, 0.0505], [6656063.0, 0.12], [6656249.0, 0.0001], [6656491.0, 0.12], [6656596.0, 0.0776], [6656919.0, 0.12], [6657221.0, 0.0515], [6657432.0, 0.01477045], [6657499.0, 0.0001], [6657997.0, 0.0816], [6658297.0, 0.001], [6658500.0, 0.001], [6658568.0, 0.0485], [6658749.0, 0.0001], [6659787.0, 0.07239965], [6659817.0, 0.0655], [6659885.0, 0.0768], [6659934.0, 0.0495], [6659999.0, 0.0001], [6660671.0, 0.0025], [6660902.0, 0.02], [6661013.0, 0.001], [6661015.0, 0.00971071]], "bids": [[6652501.0, 0.0001], [6651251.0, 0.0001], [6651034.0, 0.0055], [6650740.0, 0.12], [6650140.0, 0.12], [6650128.0, 0.05], [6650001.0, 0.0001], [6649903.0, 0.048], [6649581.0, 0.002], [6649476.0, 0.00348168], [6649228.0, 0.00901786], [6649203.0, 0.00971496], [6649198.0, 0.00971071], [6649197.0, 0.00970824], [6649192.0, 0.12], [6649182.0, 0.0799], [6648834.0, 0.001], [6648831.0, 0.001], [6648827.0, 0.0137], [6648826.0, 0.00970585], [6648823.0, 0.00970917], [6648819.0, 0.00971466], [6648816.0, 0.46633926], [6648751.0, 0.1201], [6648608.0, 0.0816], [6648356.0, 0.001], [6648340.0, 0.0018], [6648308.0, 0.12], [6647834.0, 0.12], [6647501.0, 0.0101], [6647376.0, 0.00426167], [6647291.0, 0.049], [6647113.0, 0.0025], [6646874.0, 0.005], [6646855.0, 0.0655], [6646603.0, 0.0768], [6646501.0, 0.006], [6646444.0, 1.2652], [6646332.0, 0.01], [6646251.0, 0.0001]], "timestamp": 1618034667.0048947}
{"asks": [[6651949.0, 0.012699], [6652638.0, 0.0022], [6652639.0, 0.12], [6652853.0, 0.02764126], [6652898.0, 0.0176], [6653002.0, 0.005], [6653067.0, 0.12], [6653144.0, 0.0816], [6653495.0, 0.12], [6653923.0, 0.12], [6653972.0, 0.002], [6654126.0, 0.0515], [6654351.0, 0.12], [6654754.0, 0.001], [6654779.0, 0.12], [6654986.0, 0.0808], [6655721.0, 0.001], [6655728.0, 0.0505], [6656117.0, 0.01477045], [6656249.0, 0.0001], [6656596.0, 0.0776], [6657221.0, 0.0515], [6657499.0, 0.0001], [6657997.0, 0.0816], [6658266.0, 0.02], [6658267.0, 0.07239965], [6658500.0, 0.001], [6658568.0, 0.0485], [6658749.0, 0.0001], [6659624.0, 0.0025], [6659768.0, 0.00970917], [6659772.0, 0.00971466], [6659775.0, 0.00971496], [6659780.0, 0.00971071], [6659781.0, 0.00970824], [6659786.0, 0.1560848], [6659817.0, 0.0655], [6659999.0, 0.0001], [6660410.0, 0.01], [6660896.0, 0.00970585]], "bids": [[6649415.0, 0.003], [6649210.0, 0.0039], [6648751.0, 0.1201], [6648733.0, 0.0495], [6648309.0, 0.0022], [6648308.0, 0.12], [6648161.0, 0.00348168], [6647834.0, 0.12], [6647640.0, 0.0137], [6647639.0, 0.0037578], [6647501.0, 0.0101], [6647376.0, 0.12426167], [6647291.0, 0.049], [6647002.0, 0.00970917], [6646919.0, 0.00971496], [6646914.0, 0.00971071], [6646913.0, 0.00970824], [6646908.0, 0.12], [6646907.0, 0.45147836], [6646855.0, 0.0655], [6646672.0, 0.0791], [6646614.0, 0.001], [6646606.0, 0.00970585], [6646603.0, 0.0768], [6646501.0, 0.006], [6646446.0, 0.36702295], [6646251.0, 0.0001], [6646100.0, 0.0025], [6646035.0, 0.0525], [6645862.0, 0.005], [6645788.0, 0.0018], [6645783.0, 0.001], [6645314.0, 0.01], [6645001.0, 0.0001], [6644934.0, 0.0515], [6644135.0, 0.00971466], [6644131.0, 1.2653], [6644101.0, 0.08], [6643764.0, 0.005], [6643763.0, 0.02]], "timestamp": 1618034672.013103}
{"asks": [[6650496.0, 0.01798623], [6650514.0, 0.012699], [6651161.0, 0.02764126], [6651198.0, 0.0176], [6651522.0, 0.002], [6651783.0, 0.12], [6651936.0, 0.0011], [6652211.0, 0.12], [6652639.0, 0.12], [6652728.0, 0.0515], [6653067.0, 0.12], [6653144.0, 0.0816], [6653495.0, 0.12], [6653923.0, 0.12], [6654124.0, 0.01477045], [6654126.0, 0.0515], [6654986.0, 0.0808], [6654999.0, 0.0001], [6655684.0, 0.001], [6655728.0, 0.0505], [6656249.0, 0.0001], [6656566.0, 0.07239965], [6656596.0, 0.0776], [6657161.0, 0.01], [6657220.0, 0.1560848], [6657221.0, 0.0515], [6657362.0, 0.0025], [6657499.0, 0.0001], [6657639.0, 0.02], [6657997.0, 0.0816], [6658485.0, 0.02], [6658500.0, 0.001], [6658749.0, 0.0001], [6659729.0, 0.001], [6659732.0, 0.001], [6659737.0, 0.00970585], [6659740.0, 0.00970917], [6659744.0, 0.00971466], [6659747.0, 0.00971496], [6659752.0, 0.00970824]], "bids": [[6648751.0, 0.0001], [6647834.0, 0.12], [6647501.0, 0.0001], [6647377.0, 0.0044], [6647376.0, 0.12426167], [6646927.0, 0.00970824], [6646908.0, 0.12], [6646674.0, 0.0137], [6646672.0, 0.0791], [6646603.0, 0.0768], [6646519.0, 0.00375965], [6646446.0, 0.12], [6646413.0, 0.049], [6646251.0, 0.0001], [6646169.0, 0.00348168], [6646035.0, 0.0525], [6645822.0, 0.002], [6645788.0, 0.12], [6645747.0, 0.001], [6645737.0, 0.0018], [6645269.0, 0.12], [6645001.0, 0.0001], [6644934.0, 0.0515], [6644506.0, 0.001], [6644504.0, 0.005], [6644503.0, 0.001], [6644498.0, 0.00970585], [6644495.0, 0.47489941], [6644465.0, 0.0655], [6644210.0, 0.01], [6644158.0, 0.00971466], [6644155.0, 0.00970917], [6644148.0, 0.00971496], [6644141.0, 0.00971071], [6644131.0, 1.2653], [6644101.0, 0.08], [6643996.0, 0.0025], [6643751.0, 0.0001], [6643299.0, 0.02], [6643210.0, 0.006]], "timestamp": 1618034677.0299473}
{"asks": [[6650484.0, 0.01798623], [6650721.0, 0.0011], [6650738.0, 0.0477], [6650755.0, 0.02764126], [6650911.0, 0.012699], [6650973.0, 0.0176], [6651249.0, 0.0001], [6651355.0, 0.12], [6651783.0, 0.12], [6652037.0, 0.002], [6652211.0, 0.12], [6652336.0, 0.01477045], [6652499.0, 0.0001], [6652639.0, 0.12], [6652728.0, 0.0515], [6653067.0, 0.12], [6653144.0, 0.0816], [6653495.0, 0.12], [6653749.0, 0.0001], [6654126.0, 0.0515], [6654986.0, 0.0808], [6654999.0, 0.0001], [6655534.0, 0.001], [6655728.0, 0.0505], [6656236.0, 0.0025], [6656249.0, 0.0001], [6656596.0, 0.0776], [6657082.0, 0.01], [6657219.0, 0.1560848], [6657221.0, 0.0515], [6657499.0, 0.0001], [6657639.0, 0.02], [6657997.0, 0.0816], [6658216.0, 0.02], [6658500.0, 0.001], [6658749.0, 0.0001], [6659010.0, 0.001], [6659396.0, 0.001], [6659692.0, 0.00971071], [6659698.0, 0.001]], "bids": [[6647652.0, 0.04], [6647341.0, 0.03], [6647336.0, 0.12], [6647224.0, 0.01], [6646914.0, 0.0137], [6646913.0, 0.00375993], [6646908.0, 0.12], [6646678.0, 0.0011], [6646603.0, 0.0768], [6646446.0, 0.12], [6646413.0, 0.049], [6646251.0, 0.0001], [6646035.0, 0.0525], [6645892.0, 0.0789], [6645788.0, 0.12], [6645759.0, 0.002], [6645597.0, 0.001], [6645350.0, 0.0018], [6645271.0, 0.005], [6645269.0, 0.12], [6645001.0, 0.0001], [6644934.0, 0.0515], [6644566.0, 0.46735327], [6644536.0, 0.001], [6644531.0, 0.00970585], [6644528.0, 0.12971466], [6644525.0, 0.00970917], [6644518.0, 0.00971496], [6644465.0, 0.0655], [6644365.0, 0.00348168], [6644210.0, 0.01], [6644101.0, 0.08], [6643751.0, 0.0001], [6643212.0, 0.005], [6643210.0, 0.006], [6643179.0, 0.001], [6643177.0, 0.00971071], [6643176.0, 0.00970824], [6643171.0, 1.2659], [6643170.0, 0.1]], "timestamp": 1618034682.0008829}
