{"asks": [[6679482.0, 0.002], [6679660.0, 0.01245033], [6679998.0, 0.1], [6679999.0, 0.00434449], [6681195.0, 0.0752], [6681199.0, 0.0655], [6681249.0, 0.0001], [6681600.0, 0.126], [6681695.0, 0.002], [6682499.0, 0.1201], [6682609.0, 0.01728268], [6683060.0, 0.121], [6683239.0, 0.01], [6683749.0, 0.1201], [6683998.0, 0.1], [6684171.0, 0.0832], [6684936.0, 0.13], [6684982.0, 0.001], [6684990.0, 0.00952758], [6684999.0, 0.0001], [6685000.0, 0.002], [6685685.0, 0.1235], [6686192.0, 0.05], [6686249.0, 0.0001], [6686290.0, 0.0005], [6686397.0, 0.001], [6686398.0, 0.0095305], [6686402.0, 0.00954081], [6686405.0, 0.00954495], [6686406.0, 0.00953796], [6686411.0, 0.1011], [6686525.0, 0.001], [6686587.0, 0.2006], [6686689.0, 0.023], [6687100.0, 0.001], [6687499.0, 0.0001], [6687609.0, 0.00237346], [6687935.0, 0.00095322], [6688260.0, 1.7629], [6688730.0, 0.04752117]], "bids": [[6677182.0, 0.0505], [6675818.0, 0.01766826], [6675813.0, 0.3317188], [6675812.0, 0.0499], [6675810.0, 0.0495], [6675625.0, 0.12], [6675273.0, 0.0824], [6675092.0, 0.12], [6674559.0, 0.12], [6674376.0, 0.002], [6674026.0, 0.12], [6673915.0, 0.0768], [6673501.0, 0.001], [6673493.0, 0.12], [6673438.0, 0.02], [6673181.0, 0.03633923], [6673175.0, 0.02101576], [6673093.0, 0.049], [6672961.0, 0.02], [6672960.0, 0.12], [6672391.0, 0.0784], [6671715.0, 0.002], [6671525.0, 0.05], [6670829.0, 0.005], [6670688.0, 0.0792], [6670001.0, 0.0001], [6669991.0, 0.01495773], [6669227.0, 0.005], [6668756.0, 0.001], [6668751.0, 0.0001], [6668439.0, 0.011], [6667501.0, 0.0001], [6667470.0, 0.006], [6667381.0, 0.0025], [6666740.0, 0.0095305], [6666736.0, 0.00954081], [6666733.0, 0.1], [6666517.0, 0.001], [6666509.0, 0.00952758], [6666449.0, 0.00954495]], "timestamp": 1618030802.181551}
{"asks": [[6685683.0, 0.1], [6685685.0, 0.0035], [6686249.0, 0.0001], [6686290.0, 0.0005], [6686567.0, 0.12], [6687100.0, 0.121], [6687499.0, 0.0001], [6687609.0, 0.00237346], [6687792.0, 0.002], [6687817.0, 0.0176], [6687818.0, 0.12], [6687935.0, 0.00095322], [6688296.0, 0.0848], [6688353.0, 0.12], [6688402.0, 0.0655], [6688749.0, 0.0001], [6688983.0, 0.1204], [6689000.0, 0.002], [6689301.0, 0.05], [6689999.0, 0.1201], [6690000.0, 0.015], [6690296.0, 0.00069], [6690336.0, 0.01728268], [6690810.0, 0.0768], [6690847.0, 0.00954495], [6690848.0, 0.01053796], [6690853.0, 0.00952758], [6691249.0, 0.0001], [6691675.0, 0.0505], [6691783.0, 0.001], [6691791.0, 0.0095305], [6691795.0, 0.00954081], [6691798.0, 0.004], [6692144.0, 0.00954178], [6692148.0, 0.003], [6692149.0, 0.15], [6692275.0, 0.0009], [6692499.0, 0.0001], [6693115.0, 0.01], [6693235.0, 0.0005]], "bids": [[6682412.0, 0.0055], [6682411.0, 0.0584], [6682147.0, 0.0192], [6682094.0, 0.005], [6682014.0, 0.001], [6681542.0, 0.01766672], [6681537.0, 0.05531222], [6681536.0, 0.049], [6681459.0, 0.12], [6681237.0, 0.01766826], [6681226.0, 0.02186558], [6681030.0, 0.005], [6681021.0, 0.0599], [6680926.0, 0.12], [6680783.0, 0.0208], [6680567.0, 0.002], [6680393.0, 0.12], [6680011.0, 0.05], [6679860.0, 0.12], [6679327.0, 0.12], [6678901.0, 0.005], [6678900.0, 0.001], [6678897.0, 0.00954178], [6678892.0, 0.0095305], [6678888.0, 0.00954081], [6678886.0, 0.00954495], [6678885.0, 0.00953796], [6678610.0, 0.12], [6678602.0, 0.0768], [6678586.0, 0.0505], [6678322.0, 0.002], [6677626.0, 0.01499997], [6677243.0, 0.0792], [6677182.0, 0.0505], [6676021.0, 0.01], [6675639.0, 0.001], [6675561.0, 0.001], [6675472.0, 0.001], [6674870.0, 0.1], [6674406.0, 0.48847186]], "timestamp": 1618030807.1137028}
{"asks": [[6685683.0, 0.059], [6685685.0, 0.0035], [6686248.0, 0.005], [6686249.0, 0.0001], [6686290.0, 0.0005], [6686752.0, 0.12], [6687100.0, 0.001], [6687285.0, 0.12], [6687499.0, 0.0001], [6687609.0, 0.00237346], [6687751.0, 0.0515], [6687817.0, 0.0022], [6687818.0, 0.12], [6687935.0, 0.00095322], [6688292.0, 0.005], [6688296.0, 0.0848], [6688353.0, 0.12], [6688749.0, 0.0001], [6688983.0, 0.1204], [6689000.0, 0.002], [6689301.0, 0.05], [6689995.0, 0.005], [6689999.0, 0.1201], [6690000.0, 0.015], [6690028.0, 0.01728268], [6690296.0, 0.00069], [6690381.0, 0.001], [6690810.0, 0.0768], [6691249.0, 0.0001], [6691405.0, 0.0655], [6691675.0, 0.0505], [6692128.0, 0.001], [6692131.0, 0.00954178], [6692136.0, 0.00953796], [6692275.0, 0.0009], [6692347.0, 0.002], [6692493.0, 0.00954495], [6692499.0, 0.0001], [6693217.0, 0.00954081], [6693220.0, 0.0095305]], "bids": [[6682054.0, 0.00187563], [6681021.0, 0.0599], [6680926.0, 0.12], [6680783.0, 0.0208], [6680396.0, 0.005], [6680393.0, 0.12], [6680011.0, 0.05], [6679888.0, 0.002], [6679860.0, 0.12], [6679327.0, 0.12], [6678952.0, 0.01499997], [6678616.0, 0.005], [6678615.0, 0.0018], [6678602.0, 0.1968], [6678586.0, 0.0505], [6678426.0, 0.001], [6677627.0, 0.12], [6677411.0, 0.01], [6677243.0, 0.0792], [6676424.0, 0.006], [6676401.0, 0.001], [6676382.0, 0.001], [6676056.0, 0.00954178], [6676051.0, 0.47859453], [6675569.0, 0.001], [6675376.0, 0.1], [6674095.0, 0.23486944], [6674094.0, 0.0025], [6673667.0, 0.01], [6673207.0, 0.001], [6673199.0, 0.00954081], [6673196.0, 0.0095305], [6673189.0, 0.00954495], [6673188.0, 0.00953796], [6673176.0, 0.02101477], [6672501.0, 0.0001], [6671597.0, 0.02], [6671251.0, 0.0001], [6670001.0, 0.0001], [6669786.0, 0.0080454]], "timestamp": 1618030812.0526373}
{"asks": [[6684355.0, 0.003], [6684591.0, 0.01], [6685373.0, 0.0201], [6685685.0, 0.0035], [6686086.0, 0.03533498], [6686087.0, 0.001], [6686219.0, 0.12], [6686248.0, 0.005], [6686249.0, 0.0001], [6686290.0, 0.0005], [6686630.0, 0.0033], [6686631.0, 0.0784], [6686752.0, 0.12], [6687100.0, 0.001], [6687285.0, 0.12], [6687499.0, 0.0001], [6687609.0, 0.00237346], [6687751.0, 0.0515], [6687818.0, 0.12], [6687935.0, 0.00095322], [6688157.0, 0.002], [6688295.0, 0.005], [6688296.0, 0.0848], [6688353.0, 0.12], [6688749.0, 0.0001], [6688814.0, 0.0762], [6688983.0, 0.1204], [6689000.0, 0.002], [6689167.0, 0.002], [6689301.0, 0.05], [6689533.0, 0.01728268], [6689578.0, 0.001], [6689999.0, 0.0001], [6690000.0, 0.015], [6690296.0, 0.00069], [6690810.0, 0.0768], [6691249.0, 0.0001], [6691405.0, 0.0655], [6691502.0, 0.05606616], [6691667.0, 0.001]], "bids": [[6681813.0, 0.30985322], [6681812.0, 0.002], [6681517.0, 0.001], [6681054.0, 0.01767251], [6681048.0, 0.00954081], [6681045.0, 0.0095305], [6681038.0, 0.00954495], [6680784.0, 0.0055], [6680778.0, 0.049], [6680249.0, 0.0792], [6679860.0, 0.12], [6679586.0, 0.001], [6679327.0, 0.12], [6678878.0, 0.01499997], [6678754.0, 0.12], [6678751.0, 0.0001], [6678602.0, 0.0768], [6678586.0, 0.0505], [6678141.0, 0.002], [6677501.0, 0.0001], [6677411.0, 0.13], [6677243.0, 0.0792], [6676454.0, 0.49211403], [6676424.0, 0.126], [6676251.0, 0.0001], [6676064.0, 0.00954178], [6675905.0, 0.001], [6675418.0, 0.121], [6675071.0, 0.0475], [6675001.0, 0.0001], [6674647.0, 0.0025], [6673920.0, 0.23930173], [6673919.0, 0.001], [6673751.0, 0.0001], [6673503.0, 0.01], [6673176.0, 0.02101477], [6672501.0, 0.0001], [6671262.0, 0.001], [6671254.0, 0.00952758], [6671251.0, 0.0001]], "timestamp": 1618030817.0373588}
{"asks": [[6682321.0, 0.062], [6684782.0, 0.0808], [6685155.0, 0.12], [6685685.0, 0.0035], [6685686.0, 0.0088], [6685687.0, 0.12], [6686219.0, 0.12], [6686249.0, 0.0001], [6686290.0, 0.0005], [6686631.0, 0.0784], [6686849.0, 0.122], [6687100.0, 0.001], [6687499.0, 0.1201], [6687609.0, 0.00237346], [6687751.0, 0.0515], [6687935.0, 0.00095322], [6688296.0, 0.2048], [6688301.0, 0.002], [6688563.0, 0.01728268], [6688749.0, 0.0001], [6688983.0, 0.0004], [6689000.0, 0.002], [6689999.0, 0.0001], [6690000.0, 0.025], [6690296.0, 0.00069], [6691057.0, 0.05606616], [6691249.0, 0.0001], [6691252.0, 0.0485], [6691300.0, 0.001], [6691308.0, 0.00952758], [6691405.0, 0.0655], [6692275.0, 0.0009], [6692371.0, 0.001], [6692456.0, 0.00954081], [6692459.0, 0.0095305], [6692460.0, 0.00954495], [6692466.0, 0.00953796], [6692471.0, 0.04832626], [6692499.0, 0.0001], [6692920.0, 0.001]], "bids": [[6681057.0, 0.003], [6680918.0, 0.30985322], [6680917.0, 0.01], [6680916.0, 0.011], [6680915.0, 0.01766826], [6680201.0, 0.051], [6680001.0, 0.0001], [6679960.0, 0.0761], [6679946.0, 0.08], [6679539.0, 0.12], [6679480.0, 0.002], [6679017.0, 0.001], [6679009.0, 0.005], [6679007.0, 0.12], [6678839.0, 0.049], [6678751.0, 0.0001], [6678590.0, 0.0824], [6678475.0, 0.12], [6678284.0, 0.002], [6678240.0, 0.01], [6677943.0, 0.12], [6677692.0, 0.001], [6677615.0, 0.02099938], [6677502.0, 0.005], [6677501.0, 0.0001], [6677489.0, 0.051], [6677412.0, 0.0055], [6677411.0, 0.12], [6677243.0, 0.0792], [6676470.0, 0.121], [6676465.0, 0.00952758], [6676424.0, 0.006], [6676251.0, 0.0001], [6676175.0, 0.01499997], [6675076.0, 0.00953796], [6675071.0, 0.0475], [6675001.0, 0.0001], [6674245.0, 0.00954081], [6674242.0, 0.0095305], [6674241.0, 0.00954495]], "timestamp": 1618030822.0165524}
{"asks": [[6683246.0, 0.003], [6683370.0, 0.002], [6683749.0, 0.0001], [6685155.0, 0.12], [6685685.0, 0.0035], [6685687.0, 0.12], [6686217.0, 0.01], [6686218.0, 0.0033], [6686219.0, 0.12], [6686249.0, 0.0001], [6686290.0, 0.0005], [6686631.0, 0.0784], [6686786.0, 0.002], [6686849.0, 0.12], [6687100.0, 0.001], [6687499.0, 0.1201], [6687609.0, 0.00237346], [6687751.0, 0.0515], [6687934.0, 0.005], [6687935.0, 0.00095322], [6688296.0, 0.2048], [6688749.0, 0.0001], [6688983.0, 0.0004], [6689000.0, 0.002], [6689628.0, 0.01728268], [6689998.0, 0.005], [6689999.0, 0.0001], [6690000.0, 0.025], [6690296.0, 0.00069], [6691249.0, 0.0001], [6691252.0, 0.0485], [6691550.0, 0.001], [6692069.0, 0.01], [6692275.0, 0.0009], [6692285.0, 0.01054178], [6692290.0, 0.00954081], [6692293.0, 0.0095305], [6692300.0, 0.05606616], [6692437.0, 0.00954495], [6692443.0, 0.01053796]], "bids": [[6682136.0, 0.03531222], [6681742.0, 0.0019], [6681732.0, 0.01], [6681373.0, 0.002], [6680225.0, 0.01766672], [6680222.0, 0.001], [6680219.0, 0.00954178], [6680214.0, 0.00954495], [6680208.0, 0.00953796], [6680202.0, 0.044], [6680201.0, 0.051], [6680071.0, 0.12], [6680001.0, 0.0001], [6679946.0, 0.08], [6679600.0, 0.001], [6679539.0, 0.12], [6679414.0, 0.01499997], [6679031.0, 0.00954081], [6679028.0, 0.0095305], [6679021.0, 0.00952758], [6679007.0, 0.12], [6678839.0, 0.049], [6678751.0, 0.0001], [6678590.0, 0.0824], [6678475.0, 0.12], [6677943.0, 0.12], [6677615.0, 0.02099938], [6677501.0, 0.0001], [6677489.0, 0.051], [6677411.0, 0.12], [6677243.0, 0.0792], [6676915.0, 0.01], [6676508.0, 0.001], [6676251.0, 0.0001], [6675742.0, 0.006], [6675077.0, 0.24189745], [6675071.0, 0.0475], [6675001.0, 0.0001], [6674501.0, 0.001], [6674235.0, 0.0806]], "timestamp": 1618030827.0012858}
{"asks": [[6683749.0, 0.0001], [6685155.0, 0.12], [6685685.0, 0.0035], [6685687.0, 0.12], [6686219.0, 0.12], [6686249.0, 0.0001], [6686290.0, 0.0005], [6686630.0, 0.0055], [6686631.0, 0.0784], [6686848.0, 0.01], [6686849.0, 0.12], [6687100.0, 0.001], [6687499.0, 0.1201], [6687609.0, 0.00237346], [6687616.0, 0.002], [6687751.0, 0.0515], [6687935.0, 0.00095322], [6688296.0, 0.2048], [6688590.0, 0.01728268], [6688749.0, 0.0001], [6688982.0, 0.005], [6688983.0, 0.0004], [6689000.0, 0.002], [6689999.0, 0.0001], [6690000.0, 0.025], [6690296.0, 0.00069], [6691248.0, 0.005], [6691249.0, 0.0001], [6691252.0, 0.0485], [6691483.0, 0.001], [6692267.0, 0.001], [6692270.0, 0.00954178], [6692275.0, 0.0104305], [6692277.0, 0.00953796], [6692300.0, 0.05606616], [6692499.0, 0.0001], [6692530.0, 0.001], [6692535.0, 0.00952758], [6692538.0, 0.00954081], [6692541.0, 0.00954495]], "bids": [[6682525.0, 0.0048], [6681742.0, 0.0019], [6681057.0, 0.02100372], [6680916.0, 0.0231], [6680196.0, 0.00952758], [6680193.0, 0.0515], [6680070.0, 0.12], [6680001.0, 0.0001], [6679946.0, 0.08], [6679731.0, 0.002], [6679553.0, 0.001], [6679545.0, 0.00954495], [6679539.0, 0.12], [6679344.0, 0.001], [6679054.0, 0.001], [6679046.0, 0.00954178], [6679041.0, 0.00954081], [6679038.0, 0.0095305], [6679036.0, 0.00953796], [6679007.0, 0.12], [6678839.0, 0.049], [6678751.0, 0.0001], [6678590.0, 0.0824], [6678541.0, 0.01499997], [6678475.0, 0.12], [6678136.0, 0.01], [6677973.0, 0.4946216], [6677943.0, 0.12], [6677501.0, 0.0001], [6677489.0, 0.051], [6677411.0, 0.12], [6677243.0, 0.0792], [6676251.0, 0.0001], [6675742.0, 0.006], [6675687.0, 0.2357549], [6675657.0, 0.001], [6675377.0, 0.001], [6675071.0, 0.0475], [6675001.0, 0.0001], [6674548.0, 0.00424328]], "timestamp": 1618030832.0152764}
{"asks": [[6687499.0, 0.0001], [6687930.0, 0.03], [6687935.0, 0.00095322], [6688749.0, 0.0001], [6688976.0, 0.0154], [6688983.0, 0.0004], [6689000.0, 0.002], [6689999.0, 0.1201], [6690000.0, 0.025], [6690199.0, 0.002], [6690296.0, 0.00069], [6691247.0, 0.12], [6691249.0, 0.0001], [6691493.0, 0.0752], [6691945.0, 0.00237314], [6691966.0, 0.0505], [6692265.0, 0.01728268], [6692270.0, 0.12], [6692275.0, 0.0009], [6692498.0, 0.01], [6692499.0, 0.0001], [6692947.0, 0.12], [6692949.0, 0.0655], [6693235.0, 0.0005], [6693749.0, 0.1201], [6694005.0, 0.0848], [6694809.0, 0.005], [6694810.0, 0.12], [6694812.0, 0.051], [6694999.0, 0.0001], [6695000.0, 0.0031], [6695411.0, 0.001], [6695416.0, 0.00952758], [6695419.0, 0.01054178], [6695424.0, 0.00954081], [6695427.0, 0.00954495], [6695489.0, 0.001], [6695961.0, 0.01], [6696054.0, 0.005], [6696242.0, 0.0125305]], "bids": [[6684685.0, 0.001], [6684373.0, 0.31085322], [6684372.0, 0.0776], [6684318.0, 0.12], [6683787.0, 0.12], [6683654.0, 0.0095305], [6683652.0, 0.00953796], [6683648.0, 0.011], [6683617.0, 0.01], [6683269.0, 0.01866826], [6683268.0, 0.01767201], [6683263.0, 0.04], [6683262.0, 0.03533498], [6683257.0, 0.015], [6683256.0, 0.12], [6682885.0, 0.001], [6682880.0, 0.00952758], [6682877.0, 0.00954178], [6682870.0, 0.0761], [6682725.0, 0.12], [6682547.0, 0.001], [6682542.0, 0.00954081], [6682539.0, 0.00954495], [6682525.0, 0.0048], [6682194.0, 0.12], [6682028.0, 0.01499997], [6682014.0, 0.002], [6681850.0, 0.0505], [6681742.0, 0.0019], [6681663.0, 0.12], [6681512.0, 0.0808], [6681251.0, 0.0001], [6681160.0, 0.01], [6681057.0, 0.02100372], [6680459.0, 0.001], [6680193.0, 0.0515], [6680031.0, 0.46663114], [6680001.0, 0.0001], [6679946.0, 0.08], [6679160.0, 0.006]], "timestamp": 1618030837.0009656}
{"asks": [[6687359.0, 0.003], [6687498.0, 0.08629989], [6687499.0, 0.0001], [6687935.0, 0.00095322], [6688749.0, 0.0001], [6688983.0, 0.0004], [6689000.0, 0.002], [6689468.0, 0.12], [6689998.0, 0.0033], [6689999.0, 0.1201], [6690000.0, 0.025], [6690011.0, 0.0768], [6690282.0, 0.0515], [6690296.0, 0.00069], [6691247.0, 0.12], [6691249.0, 0.0001], [6691493.0, 0.0752], [6691945.0, 0.00237314], [6691966.0, 0.0505], [6692146.0, 0.002], [6692270.0, 0.12], [6692275.0, 0.0009], [6692386.0, 0.0789], [6692498.0, 0.01], [6692499.0, 0.0001], [6692947.0, 0.12], [6693235.0, 0.0005], [6693297.0, 0.01728268], [6693749.0, 0.1201], [6694005.0, 0.0848], [6694809.0, 0.005], [6694812.0, 0.051], [6694936.0, 0.0655], [6694999.0, 0.0001], [6695000.0, 0.0031], [6695852.0, 0.001], [6696210.0, 0.00954178], [6696215.0, 0.01054081], [6696218.0, 0.00954495], [6696223.0, 0.005]], "bids": [[6686112.0, 0.04], [6686111.0, 0.01597058], [6686092.0, 0.0784], [6685001.0, 0.0001], [6684406.0, 0.00954178], [6684401.0, 0.00954081], [6684398.0, 0.001], [6684396.0, 0.00954495], [6684390.0, 0.0095305], [6684388.0, 0.00953796], [6684383.0, 0.00952758], [6684372.0, 0.0776], [6684351.0, 0.002], [6684318.0, 0.12], [6683787.0, 0.12], [6683751.0, 0.0001], [6683359.0, 0.051], [6683257.0, 0.015], [6683256.0, 0.12], [6683138.0, 0.01], [6682870.0, 0.0761], [6682748.0, 0.01499997], [6682725.0, 0.12], [6682598.0, 0.0210014], [6682525.0, 0.0048], [6682501.0, 0.0001], [6682194.0, 0.12], [6682058.0, 0.46309658], [6681850.0, 0.0505], [6681742.0, 0.0019], [6681663.0, 0.12], [6681512.0, 0.0808], [6681251.0, 0.0001], [6680460.0, 0.22848007], [6680458.0, 0.001], [6680193.0, 0.0515], [6680092.0, 0.006], [6680001.0, 0.0001], [6679946.0, 0.08], [6679236.0, 0.001]], "timestamp": 1618030842.0510871}
{"asks": [[6691123.0, 0.00168778], [6691249.0, 0.0001], [6691735.0, 0.03], [6692270.0, 0.12], [6692275.0, 0.0009], [6692499.0, 0.0001], [6692946.0, 0.0044], [6692947.0, 0.12], [6693235.0, 0.0005], [6693749.0, 0.1201], [6694005.0, 0.0848], [6694019.0, 0.002], [6694388.0, 0.12], [6694811.0, 0.01], [6694812.0, 0.051], [6694936.0, 0.1855], [6694999.0, 0.0001], [6695000.0, 0.0031], [6695852.0, 0.12], [6696031.0, 0.01728268], [6696234.0, 0.072], [6696249.0, 0.0001], [6697011.0, 0.005], [6697012.0, 0.001], [6697017.0, 0.00952758], [6697020.0, 0.00371639], [6697490.0, 0.0005], [6697492.0, 0.0095305], [6697494.0, 0.00953796], [6697499.0, 0.0001], [6697711.0, 0.001], [6698183.0, 0.00954178], [6698188.0, 0.00954081], [6698191.0, 0.001], [6698193.0, 0.00954495], [6698199.0, 0.1966], [6698538.0, 0.005], [6698539.0, 0.001], [6698749.0, 0.0001], [6698753.0, 0.01]], "bids": [[6690010.0, 0.0105], [6687536.0, 0.0198], [6687535.0, 0.0776], [6687498.0, 0.12], [6686968.0, 0.12], [6686674.0, 0.002], [6686456.0, 0.00954178], [6686438.0, 0.12], [6686182.0, 0.049], [6686112.0, 0.001], [6686107.0, 0.00954081], [6686039.0, 0.00953796], [6686034.0, 0.0784], [6685909.0, 0.0066], [6685908.0, 0.12], [6685378.0, 0.12], [6685072.0, 0.01499997], [6685001.0, 0.0001], [6684861.0, 0.00954495], [6684855.0, 0.0095305], [6684848.0, 0.12], [6684817.0, 0.048], [6684414.0, 0.001], [6684409.0, 0.00952758], [6684372.0, 0.0776], [6684243.0, 0.01], [6683818.0, 0.49801899], [6683751.0, 0.0001], [6683359.0, 0.051], [6683257.0, 0.015], [6682870.0, 0.0761], [6682598.0, 0.0210014], [6682525.0, 0.0048], [6682501.0, 0.0001], [6681791.0, 0.001], [6681742.0, 0.0019], [6681674.0, 0.0025], [6681251.0, 0.0001], [6681068.0, 0.001], [6680092.0, 0.006]], "timestamp": 1618030847.1131244}
{"asks": [[6691141.0, 0.00158778], [6691249.0, 0.0001], [6692265.0, 0.03], [6692270.0, 0.12], [6692275.0, 0.0009], [6692499.0, 0.0001], [6692947.0, 0.12], [6693235.0, 0.0005], [6693292.0, 0.002], [6693747.0, 0.01], [6693748.0, 0.0033], [6693749.0, 0.1201], [6694005.0, 0.0848], [6694388.0, 0.12], [6694812.0, 0.051], [6694936.0, 0.12], [6694999.0, 0.0001], [6695000.0, 0.0031], [6695133.0, 0.001], [6695378.0, 0.005], [6695379.0, 0.0774], [6695852.0, 0.12], [6696234.0, 0.072], [6696249.0, 0.0001], [6696377.0, 0.01728268], [6696619.0, 0.048], [6697020.0, 0.00371639], [6697489.0, 0.005], [6697490.0, 0.0005], [6697499.0, 0.0001], [6697862.0, 0.0655], [6698168.0, 0.001], [6698171.0, 0.00954178], [6698176.0, 0.0095305], [6698178.0, 0.00953796], [6698732.0, 0.001], [6698737.0, 0.00952758], [6698741.0, 0.00954081], [6698744.0, 0.00954495], [6698749.0, 0.0001]], "bids": [[6690010.0, 0.00447243], [6688510.0, 0.0209], [6688509.0, 0.0773], [6687741.0, 0.049], [6687560.0, 0.01054178], [6687555.0, 0.00954081], [6687552.0, 0.00954495], [6687546.0, 0.0095305], [6687544.0, 0.00953796], [6687535.0, 0.0776], [6687501.0, 0.0001], [6687496.0, 0.12], [6686967.0, 0.12], [6686438.0, 0.12], [6686251.0, 0.0001], [6686193.0, 0.002], [6686164.0, 0.05], [6686034.0, 0.0784], [6686010.0, 0.01], [6685908.0, 0.12], [6685538.0, 0.01499997], [6685378.0, 0.12], [6685135.0, 0.001], [6685001.0, 0.0001], [6684848.0, 0.12], [6684817.0, 0.048], [6684372.0, 0.0776], [6684010.0, 0.006], [6683751.0, 0.0001], [6683359.0, 0.051], [6683257.0, 0.015], [6682870.0, 0.0761], [6682598.0, 0.0210014], [6682525.0, 0.0048], [6682501.0, 0.0001], [6681753.0, 0.00952758], [6681751.0, 0.001], [6681750.0, 0.0025], [6681743.0, 0.24367365], [6681742.0, 0.0019]], "timestamp": 1618030852.0603623}
{"asks": [[6692016.0, 0.00158778], [6692264.0, 0.002], [6692269.0, 0.02134805], [6692270.0, 0.02], [6692653.0, 0.0776], [6692691.0, 0.12], [6693220.0, 0.12], [6693235.0, 0.0005], [6693749.0, 0.1201], [6694004.0, 0.0022], [6694005.0, 0.0848], [6694296.0, 0.002], [6694385.0, 0.01], [6694388.0, 0.12], [6694793.0, 0.0771], [6694936.0, 0.12], [6694999.0, 0.0001], [6695000.0, 0.0031], [6695170.0, 0.049], [6695263.0, 0.001], [6695852.0, 0.12], [6696070.0, 0.1158], [6696232.0, 0.005], [6696234.0, 0.072], [6696249.0, 0.0001], [6696619.0, 0.048], [6696841.0, 0.01728268], [6697020.0, 0.00371639], [6697490.0, 0.0005], [6697499.0, 0.0001], [6697862.0, 0.0655], [6698419.0, 0.001], [6698596.0, 0.005], [6698599.0, 0.00095195], [6698719.0, 0.00954178], [6698749.0, 0.0001], [6698765.0, 0.001], [6698990.0, 0.001], [6698992.0, 0.00954495], [6698998.0, 0.0095305]], "bids": [[6689353.0, 0.002], [6688751.0, 0.0001], [6688319.0, 0.02099282], [6688049.0, 0.00954495], [6688043.0, 0.0095305], [6688041.0, 0.00953796], [6688036.0, 0.00952758], [6688033.0, 0.00954178], [6687543.0, 0.001], [6687535.0, 0.0776], [6687501.0, 0.0001], [6687497.0, 0.0055], [6687496.0, 0.12], [6686967.0, 0.12], [6686446.0, 0.001], [6686438.0, 0.12], [6686251.0, 0.0001], [6686164.0, 0.05], [6686034.0, 0.0784], [6686010.0, 0.01], [6685908.0, 0.12], [6685787.0, 0.01499997], [6685265.0, 0.121], [6685001.0, 0.0001], [6684817.0, 0.048], [6684372.0, 0.1976], [6684045.0, 0.1], [6684010.0, 0.006], [6683819.0, 0.22650749], [6683751.0, 0.0001], [6683257.0, 0.015], [6682870.0, 0.0761], [6682525.0, 0.0048], [6682501.0, 0.0001], [6682326.0, 0.0025], [6682184.0, 0.001], [6681742.0, 0.0019], [6681251.0, 0.0001], [6680531.0, 0.001], [6680409.0, 0.01]], "timestamp": 1618030857.0957701}
{"asks": [[6692022.0, 0.002], [6692027.0, 0.01132778], [6692270.0, 0.02], [6692690.0, 0.00239265], [6692691.0, 0.12], [6693220.0, 0.12], [6693235.0, 0.0005], [6693749.0, 0.1201], [6694005.0, 0.0848], [6694090.0, 0.0784], [6694383.0, 0.002], [6694387.0, 0.0155], [6694388.0, 0.12], [6694793.0, 0.0771], [6694936.0, 0.12], [6694999.0, 0.0001], [6695000.0, 0.0031], [6695170.0, 0.049], [6695547.0, 0.001], [6695878.0, 0.01728268], [6696069.0, 0.005], [6696070.0, 0.2358], [6696234.0, 0.072], [6696249.0, 0.0001], [6696619.0, 0.048], [6697020.0, 0.00371639], [6697348.0, 0.05606616], [6697490.0, 0.0005], [6697499.0, 0.0001], [6698573.0, 0.005], [6698574.0, 0.001], [6698582.0, 0.00953796], [6698599.0, 0.00095195], [6698608.0, 0.001], [6698728.0, 0.00954178], [6698733.0, 0.00952922], [6698736.0, 0.00954495], [6698742.0, 0.0095305], [6698749.0, 0.0001], [6698762.0, 0.00952758]], "bids": [[6690012.0, 0.02098981], [6689542.0, 0.002], [6689373.0, 0.001], [6688747.0, 0.0209], [6688746.0, 0.05901565], [6688490.0, 0.00952922], [6688487.0, 0.001], [6688485.0, 0.02721167], [6688327.0, 0.0784], [6688030.0, 0.00954178], [6688025.0, 0.12], [6687668.0, 0.0485], [6687596.0, 0.00952758], [6687501.0, 0.0001], [6687496.0, 0.12], [6687495.0, 0.0784], [6686967.0, 0.12], [6686451.0, 0.00953796], [6686446.0, 0.001], [6686445.0, 0.0095305], [6686438.0, 0.12], [6686251.0, 0.0001], [6686164.0, 0.05], [6686034.0, 0.0784], [6686010.0, 0.01], [6685908.0, 0.12], [6685548.0, 0.001], [6685265.0, 0.12], [6685001.0, 0.0001], [6684847.0, 0.453776], [6684817.0, 0.048], [6684662.0, 0.01499997], [6684372.0, 0.0776], [6684011.0, 0.24309289], [6684010.0, 0.006], [6683751.0, 0.0001], [6683257.0, 0.015], [6682870.0, 0.0761], [6682525.0, 0.0048], [6682501.0, 0.0001]], "timestamp": 1618030862.0812304}
{"asks": [[6693235.0, 0.0005], [6693248.0, 0.002], [6693749.0, 0.0001], [6694999.0, 0.0001], [6695000.0, 0.0031], [6695012.0, 0.12], [6695540.0, 0.0066], [6695541.0, 0.12], [6696068.0, 0.01], [6696070.0, 0.12], [6696234.0, 0.072], [6696249.0, 0.0001], [6696542.0, 0.049], [6696618.0, 0.12], [6696827.0, 0.001], [6697020.0, 0.00371639], [6697378.0, 0.01728268], [6697490.0, 0.1205], [6697499.0, 0.0001], [6698346.0, 0.1], [6698533.0, 0.005], [6698534.0, 0.088], [6698599.0, 0.12095195], [6698710.0, 0.001], [6698718.0, 0.0095305], [6698720.0, 0.00953796], [6698725.0, 0.00952758], [6698749.0, 0.0001], [6698765.0, 0.001], [6698814.0, 0.0505], [6699075.0, 0.00954495], [6699081.0, 0.02699738], [6699791.0, 0.005], [6699792.0, 0.00954178], [6699797.0, 0.00952922], [6699800.0, 0.002], [6699991.0, 0.001], [6699999.0, 0.0501], [6700000.0, 0.79490837], [6700008.0, 0.05606616]], "bids": [[6693039.0, 0.0008], [6692280.0, 0.02], [6690844.0, 0.0055], [6690158.0, 0.05901565], [6690137.0, 0.12], [6690023.0, 0.01], [6690012.0, 0.02098981], [6690011.0, 0.0485], [6690001.0, 0.0001], [6689609.0, 0.12], [6689086.0, 0.00954178], [6689081.0, 0.12], [6688991.0, 0.0768], [6688822.0, 0.00953796], [6688817.0, 0.0095305], [6688553.0, 0.12], [6688431.0, 0.002], [6688080.0, 0.00952922], [6688077.0, 0.001], [6688075.0, 0.00954495], [6688033.0, 0.00952758], [6688026.0, 0.0055], [6688025.0, 0.12], [6687738.0, 0.051], [6687501.0, 0.0001], [6687496.0, 0.12], [6687495.0, 0.0784], [6686827.0, 0.001], [6686251.0, 0.0001], [6686172.0, 0.001], [6686164.0, 0.05], [6686034.0, 0.0784], [6686010.0, 0.01], [6685939.0, 0.01499997], [6685578.0, 0.45562615], [6685266.0, 0.23076384], [6685001.0, 0.0001], [6684817.0, 0.048], [6684372.0, 0.0776], [6684010.0, 0.006]], "timestamp": 1618030867.0576875}
{"asks": [[6693586.0, 0.00103678], [6693749.0, 0.0001], [6694065.0, 0.002], [6694832.0, 0.03], [6694837.0, 0.01766672], [6694842.0, 0.01], [6694844.0, 0.03634077], [6694851.0, 0.0792], [6694999.0, 0.0001], [6695000.0, 0.0031], [6695012.0, 0.12], [6695191.0, 0.0485], [6695332.0, 0.01], [6695541.0, 0.12], [6695942.0, 0.0033], [6695943.0, 0.01728268], [6696070.0, 0.12], [6696234.0, 0.072], [6696249.0, 0.0001], [6696541.0, 0.005], [6696542.0, 0.049], [6696587.0, 0.001], [6696618.0, 0.12], [6697020.0, 0.00371639], [6697490.0, 0.1205], [6697499.0, 0.0001], [6698346.0, 0.1], [6698533.0, 0.005], [6698534.0, 0.088], [6698599.0, 0.12095195], [6698613.0, 0.05606616], [6698749.0, 0.0001], [6698765.0, 0.001], [6698814.0, 0.0505], [6699926.0, 0.001], [6699955.0, 0.00953796], [6699960.0, 0.0095305], [6699962.0, 0.001], [6699967.0, 0.00952758], [6699970.0, 0.00954178]], "bids": [[6691101.0, 0.02880176], [6690431.0, 0.0773], [6690412.0, 0.0176], [6690177.0, 0.00952922], [6690174.0, 0.01], [6690013.0, 0.02098985], [6690001.0, 0.0001], [6689217.0, 0.002], [6689099.0, 0.00953796], [6689094.0, 0.001], [6689092.0, 0.00954495], [6689081.0, 0.12], [6688991.0, 0.0768], [6688812.0, 0.05901565], [6688553.0, 0.12], [6688025.0, 0.12], [6687738.0, 0.051], [6687501.0, 0.0001], [6687496.0, 0.12], [6687495.0, 0.0784], [6687253.0, 0.01499997], [6686587.0, 0.001], [6686261.0, 0.0095305], [6686259.0, 0.001], [6686254.0, 0.00952758], [6686251.0, 0.1201], [6686164.0, 0.05], [6686064.0, 0.45201493], [6686034.0, 0.0784], [6686010.0, 0.01], [6685266.0, 0.12], [6685001.0, 0.0001], [6684817.0, 0.048], [6684373.0, 0.24271505], [6684372.0, 0.0776], [6684342.0, 0.0025], [6684288.0, 0.001], [6684010.0, 0.006], [6683751.0, 0.0001], [6683257.0, 0.015]], "timestamp": 1618030872.0396335}
{"asks": [[6694871.0, 0.003], [6695000.0, 0.0022], [6696249.0, 0.0001], [6696866.0, 0.051], [6697020.0, 0.00371639], [6697189.0, 0.08], [6697490.0, 0.0005], [6697499.0, 0.0001], [6698299.0, 0.05], [6698345.0, 0.0077], [6698346.0, 0.1], [6698534.0, 0.088], [6698599.0, 0.12095195], [6698749.0, 0.0001], [6698765.0, 0.001], [6698967.0, 0.0777], [6699039.0, 0.002], [6699482.0, 0.01], [6699484.0, 0.12], [6699920.0, 0.001], [6699928.0, 0.00953796], [6699933.0, 0.001], [6699934.0, 0.0095305], [6699941.0, 0.00954178], [6699946.0, 0.00952922], [6699999.0, 0.0501], [6700000.0, 0.79490837], [6700078.0, 0.0485], [6700205.0, 0.121], [6700735.0, 0.12], [6701226.0, 0.01728268], [6701249.0, 0.0001], [6701265.0, 0.12], [6701799.0, 0.005], [6701800.0, 0.1896], [6702126.0, 0.00952758], [6702129.0, 0.0475], [6702294.0, 0.00954495], [6702300.0, 0.1345], [6702335.0, 0.001]], "bids": [[6693712.0, 0.0022], [6693711.0, 0.01520515], [6693068.0, 0.03], [6693063.0, 0.0777], [6692354.0, 0.00668237], [6692338.0, 0.0777], [6692281.0, 0.0209864], [6692250.0, 0.0055], [6691721.0, 0.12], [6691638.0, 0.002], [6691251.0, 0.0001], [6691193.0, 0.12], [6691102.0, 0.01], [6690790.0, 0.001], [6690781.0, 0.0816], [6690665.0, 0.12], [6690167.0, 0.0505], [6690001.0, 0.1201], [6689262.0, 0.13499997], [6689111.0, 0.45099371], [6689110.0, 0.00952922], [6688991.0, 0.0768], [6688412.0, 0.13], [6687738.0, 0.051], [6687501.0, 0.0001], [6687495.0, 0.0784], [6686757.0, 0.006], [6686269.0, 0.001], [6686251.0, 0.0001], [6686174.0, 0.001], [6686169.0, 0.00954178], [6686067.0, 0.00952758], [6685001.0, 0.0001], [6684625.0, 0.00748666], [6684497.0, 0.00954495], [6684491.0, 0.0025], [6684393.0, 0.001], [6684385.0, 0.00953796], [6684380.0, 0.0095305], [6683751.0, 0.0001]], "timestamp": 1618030877.017475}
{"asks": [[6697020.0, 1.639e-05], [6697188.0, 0.0033], [6697490.0, 0.0005], [6697499.0, 0.0001], [6697545.0, 0.12], [6698072.0, 0.12], [6698346.0, 0.1], [6698533.0, 0.01], [6698534.0, 0.088], [6698599.0, 0.12095195], [6698749.0, 0.0001], [6698765.0, 0.001], [6698842.0, 0.002], [6699484.0, 0.12], [6699864.0, 0.001], [6699970.0, 0.001], [6699973.0, 0.00954178], [6699978.0, 0.00953796], [6699983.0, 0.001], [6699984.0, 0.0095305], [6699999.0, 0.0501], [6700000.0, 0.79490837], [6700205.0, 0.12], [6700734.0, 0.005], [6700735.0, 0.12], [6701249.0, 0.0001], [6701258.0, 0.01728268], [6701800.0, 0.0696], [6702129.0, 0.0475], [6702281.0, 0.005], [6702282.0, 0.00952922], [6702285.0, 0.00954495], [6702291.0, 0.00952758], [6702300.0, 0.1345], [6702335.0, 0.001], [6702499.0, 0.0001], [6702506.0, 0.0001], [6703047.0, 0.001], [6703184.0, 0.006], [6703333.0, 0.05]], "bids": [[6693379.0, 0.01], [6693078.0, 0.001], [6693072.0, 0.0011], [6693071.0, 0.01898492], [6692501.0, 0.0001], [6692416.0, 0.02810439], [6692343.0, 0.02937629], [6692264.0, 0.052], [6692250.0, 0.0055], [6692245.0, 0.12], [6691721.0, 0.12], [6691525.0, 0.0515], [6691498.0, 0.001], [6691251.0, 0.0001], [6691219.0, 0.002], [6691206.0, 0.001], [6691193.0, 0.12], [6690781.0, 0.0816], [6690665.0, 0.12], [6690167.0, 0.0505], [6690001.0, 0.1201], [6689279.0, 0.00952922], [6689276.0, 0.00954495], [6689270.0, 0.121], [6689114.0, 0.00952758], [6688991.0, 0.0768], [6688918.0, 0.01499997], [6688412.0, 0.01], [6687738.0, 0.051], [6687501.0, 0.0001], [6687495.0, 0.0784], [6687254.0, 0.24867146], [6686992.0, 0.001], [6686757.0, 0.006], [6686753.0, 0.001], [6686251.0, 0.0001], [6685001.0, 0.0001], [6684809.0, 0.0025], [6683754.0, 0.01], [6683751.0, 0.0001]], "timestamp": 1618030882.0330257}
{"asks": [[6695089.0, 0.0792], [6695973.0, 0.0191], [6696451.0, 0.0768], [6696854.0, 0.0485], [6697020.0, 1.639e-05], [6697490.0, 0.0005], [6697496.0, 0.001], [6697499.0, 0.0001], [6698074.0, 0.12], [6698149.0, 0.02], [6698236.0, 0.051], [6698373.0, 0.0792], [6698599.0, 0.12095195], [6698749.0, 0.0001], [6698765.0, 0.001], [6699197.0, 0.13], [6699198.0, 0.002], [6699483.0, 0.0055], [6699760.0, 0.1976], [6699999.0, 0.0501], [6700000.0, 0.79490837], [6700735.0, 0.12], [6701230.0, 0.002], [6701248.0, 0.005], [6701249.0, 0.0001], [6701800.0, 0.1896], [6702129.0, 0.0475], [6702335.0, 0.001], [6702499.0, 0.0001], [6702506.0, 0.0001], [6703183.0, 0.005], [6703184.0, 0.006], [6703333.0, 0.05], [6703749.0, 0.0001], [6704136.0, 0.001], [6704187.0, 0.01728268], [6704684.0, 0.001], [6704687.0, 0.00954178], [6704689.0, 0.00952922], [6704692.0, 0.147968]], "bids": [[6693409.0, 0.56952864], [6692501.0, 0.0001], [6692344.0, 0.23340575], [6691832.0, 0.01499997], [6691640.0, 0.002], [6691251.0, 0.0001], [6691032.0, 0.002], [6690525.0, 0.12], [6690001.0, 0.1201], [6689984.0, 0.01], [6689926.0, 0.001], [6689279.0, 0.12], [6688991.0, 0.0768], [6688581.0, 0.121], [6688447.0, 0.0475], [6687501.0, 0.1201], [6686757.0, 0.126], [6686259.0, 0.0025], [6686251.0, 0.0001], [6685953.0, 0.1], [6685560.0, 0.08], [6685001.0, 0.0001], [6684812.0, 0.00952758], [6684672.0, 0.01], [6683969.0, 0.00954495], [6683963.0, 0.00676528], [6683764.0, 0.00952922], [6683751.0, 0.0001], [6683405.0, 0.0021], [6683257.0, 0.015], [6683244.0, 0.02], [6682525.0, 0.0048], [6682501.0, 0.0001], [6681251.0, 0.0001], [6680932.0, 0.001], [6680001.0, 0.0001], [6679564.0, 1.0], [6679300.0, 0.002], [6679010.0, 0.02], [6678896.0, 0.4087]], "timestamp": 1618030887.0253382}
{"asks": [[6692164.0, 0.005], [6695065.0, 0.03062371], [6695433.0, 0.0033], [6695943.0, 0.0122], [6695945.0, 0.0095305], [6695978.0, 0.12], [6696163.0, 0.0191], [6696495.0, 0.002], [6696502.0, 0.12], [6696573.0, 0.051], [6696670.0, 0.0816], [6697020.0, 1.639e-05], [6697026.0, 0.12], [6697490.0, 0.0005], [6697498.0, 0.005], [6697499.0, 0.0001], [6697550.0, 0.12], [6698074.0, 0.12], [6698108.0, 0.01127109], [6698149.0, 0.02], [6698236.0, 0.051], [6698373.0, 0.0792], [6698599.0, 0.12095195], [6698749.0, 0.0001], [6698765.0, 0.001], [6699755.0, 0.00953796], [6699759.0, 0.005], [6699760.0, 0.0776], [6699995.0, 0.001], [6699999.0, 0.0501], [6700000.0, 0.79490837], [6701187.0, 0.002], [6701249.0, 0.0001], [6701946.0, 0.01728268], [6702282.0, 0.001], [6702335.0, 0.001], [6702499.0, 0.0001], [6702506.0, 0.0001], [6703176.0, 0.001], [6703181.0, 0.00952758]], "bids": [[6691346.0, 0.0044], [6691345.0, 0.0816], [6691251.0, 0.0001], [6691049.0, 0.12], [6690990.0, 0.002], [6690526.0, 0.0066], [6690525.0, 0.12], [6690001.0, 0.1201], [6689279.0, 0.12], [6688991.0, 0.0768], [6688888.0, 0.01122885], [6688581.0, 0.12], [6688345.0, 0.01], [6687984.0, 0.12], [6687501.0, 0.0001], [6686874.0, 0.006], [6686690.0, 0.1], [6686251.0, 0.0001], [6686023.0, 0.002], [6686015.0, 0.052], [6685560.0, 0.08], [6685175.0, 0.001], [6685001.0, 0.0001], [6684672.0, 0.01], [6684494.0, 0.0025], [6683963.0, 0.00676528], [6683848.0, 0.001], [6683751.0, 0.0001], [6683405.0, 0.0021], [6683257.0, 0.015], [6682525.0, 0.0048], [6682501.0, 0.0001], [6681413.0, 0.02], [6681251.0, 0.0001], [6680001.0, 0.0001], [6679609.0, 0.00953796], [6679607.0, 0.00952758], [6679604.0, 0.001], [6679603.0, 0.0095305], [6679596.0, 0.12761604]], "timestamp": 1618030892.0453186}
{"asks": [[6688695.0, 0.001], [6689449.0, 0.0816], [6689548.0, 0.01766672], [6689554.0, 0.0191], [6689797.0, 0.01], [6690357.0, 0.027], [6690565.0, 0.0411], [6690566.0, 0.0237], [6690734.0, 0.12], [6690857.0, 0.0033], [6691259.0, 0.12], [6691695.0, 0.005], [6691696.0, 0.0784], [6691772.0, 0.07064963], [6691784.0, 0.12], [6691883.0, 0.002], [6691948.0, 0.0485], [6692308.0, 0.12], [6692833.0, 0.12], [6693272.0, 0.005], [6693273.0, 0.01476825], [6693358.0, 0.12], [6693407.0, 0.04620724], [6693504.0, 0.0816], [6694195.0, 0.001], [6694943.0, 0.0784], [6694999.0, 0.0001], [6695182.0, 0.0505], [6696249.0, 0.0001], [6696262.0, 0.001], [6697020.0, 1.639e-05], [6697490.0, 0.0005], [6697499.0, 0.0001], [6698149.0, 0.02], [6698599.0, 0.00095195], [6698749.0, 0.0001], [6698765.0, 0.001], [6698792.0, 0.15], [6699729.0, 0.001], [6699731.0, 0.00954495]], "bids": [[6685564.0, 0.00952758], [6685561.0, 0.0066], [6685560.0, 0.12], [6685346.0, 0.006], [6685186.0, 0.01], [6685009.0, 0.005], [6685001.0, 0.1201], [6684530.0, 0.00954495], [6684524.0, 0.49216202], [6684047.0, 0.00349716], [6683963.0, 0.12], [6683840.0, 0.001], [6683751.0, 0.0001], [6683502.0, 0.049], [6683405.0, 0.1221], [6683257.0, 0.015], [6682947.0, 0.08], [6682525.0, 0.1248], [6682501.0, 0.0001], [6681570.0, 0.122], [6681252.0, 0.24615197], [6681251.0, 0.0001], [6681193.0, 0.0525], [6681174.0, 0.01], [6680982.0, 0.02], [6680448.0, 0.0025], [6680136.0, 0.0768], [6680001.0, 0.0001], [6679628.0, 0.00954178], [6679626.0, 0.00952922], [6679596.0, 0.11807426], [6679273.0, 0.1], [6678751.0, 0.0001], [6678480.0, 0.001], [6678260.0, 0.001], [6678259.0, 0.0095305], [6678253.0, 0.003], [6677514.0, 0.001], [6677506.0, 0.00953796], [6677501.0, 0.0001]], "timestamp": 1618030897.0280488}
{"asks": [[6686505.0, 0.03534027], [6686510.0, 0.04], [6686511.0, 0.01766672], [6686516.0, 0.0011], [6686517.0, 0.0796], [6686539.0, 0.12], [6687034.0, 0.001], [6687064.0, 0.12], [6687461.0, 0.0255], [6687589.0, 0.12], [6687735.0, 0.025], [6687809.0, 0.006], [6687904.0, 0.0824], [6688067.0, 0.045], [6688113.0, 0.12], [6688225.0, 0.05901565], [6688421.0, 0.075], [6688637.0, 0.12], [6688738.0, 0.01495018], [6688780.0, 0.0032], [6688954.0, 0.0255], [6689161.0, 0.1435], [6689253.0, 0.0752], [6689449.0, 0.00690853], [6689553.0, 0.00360064], [6689888.0, 0.001], [6690315.0, 0.001], [6690357.0, 0.027], [6690566.0, 0.0237], [6691696.0, 0.0784], [6691948.0, 0.0485], [6692036.0, 0.001], [6692826.0, 0.1], [6693749.0, 0.0001], [6694999.0, 0.0001], [6695456.0, 0.1], [6696249.0, 0.0001], [6696368.0, 0.15], [6697020.0, 1.639e-05], [6697179.0, 0.0655]], "bids": [[6682632.0, 0.04], [6682150.0, 0.075], [6681753.0, 0.0011], [6681752.0, 0.02], [6681564.0, 0.01], [6681506.0, 0.12], [6681251.0, 0.0001], [6680982.0, 0.12], [6680801.0, 0.05], [6680448.0, 0.12], [6680327.0, 0.001], [6680136.0, 0.0768], [6680001.0, 0.0001], [6679928.0, 0.002], [6679598.0, 0.015], [6679597.0, 0.12], [6679477.0, 0.00167909], [6678785.0, 0.168], [6678751.0, 0.0001], [6678524.0, 0.006], [6678141.0, 0.1416], [6677911.0, 0.01], [6677516.0, 0.005], [6677501.0, 0.0001], [6676251.0, 0.0001], [6675786.0, 0.005], [6675785.0, 0.01], [6675105.0, 0.0025], [6675001.0, 0.0001], [6674696.0, 0.1], [6674080.0, 0.002], [6673763.0, 0.0095305], [6673751.0, 0.0001], [6673477.0, 0.001], [6673469.0, 0.001], [6673197.0, 0.02], [6673084.0, 0.00952922], [6673081.0, 0.00953796], [6672501.0, 0.0001], [6672349.0, 0.00952719]], "timestamp": 1618030902.029686}
{"asks": [[6689900.0, 0.05511629], [6689999.0, 0.0001], [6691008.0, 0.0149991], [6691249.0, 0.0001], [6691696.0, 0.12], [6692184.0, 0.001], [6692499.0, 0.1201], [6692765.0, 0.001], [6692826.0, 0.1], [6693749.0, 0.1201], [6694999.0, 0.1201], [6696249.0, 0.1201], [6696291.0, 0.01], [6696312.0, 0.15], [6697020.0, 0.12001639], [6697154.0, 0.001], [6697162.0, 0.0095305], [6697169.0, 0.00952719], [6697171.0, 0.00952922], [6697174.0, 0.00953796], [6697179.0, 0.0655], [6697490.0, 0.0005], [6697499.0, 0.0001], [6698103.0, 0.001], [6698105.0, 0.00954495], [6698111.0, 0.00952758], [6698119.0, 0.004], [6698149.0, 0.02], [6698363.0, 0.02], [6698599.0, 0.00095195], [6698641.0, 0.01728268], [6698749.0, 0.0001], [6698765.0, 0.001], [6699195.0, 0.1], [6699999.0, 0.0501], [6700000.0, 0.79490837], [6700259.0, 0.001], [6701248.0, 0.04851811], [6701249.0, 0.0001], [6701349.0, 0.1647]], "bids": [[6689293.0, 0.1316], [6688821.0, 0.1526411], [6688452.0, 0.0263793], [6684761.0, 0.2749], [6684760.0, 0.1968], [6683948.0, 0.001], [6683942.0, 0.17], [6683779.0, 0.03533652], [6683775.0, 0.015], [6683774.0, 0.0011], [6683773.0, 0.02], [6683745.0, 0.01], [6683403.0, 0.001], [6683402.0, 0.03], [6683397.0, 0.01767201], [6682956.0, 0.08], [6682780.0, 0.005], [6682779.0, 0.12], [6682763.0, 0.002], [6682430.0, 0.048], [6681538.0, 0.0784], [6681371.0, 0.001], [6681251.0, 0.0001], [6680803.0, 0.005], [6680801.0, 0.05], [6680001.0, 0.0001], [6679146.0, 0.002], [6678999.0, 0.01], [6678751.0, 0.0001], [6678142.0, 0.22715033], [6677501.0, 0.0001], [6676999.0, 0.006], [6676251.0, 0.0001], [6675875.0, 0.1], [6675460.0, 0.0025], [6675363.0, 0.001], [6675009.0, 0.002], [6675001.0, 0.0001], [6674893.0, 0.001], [6674080.0, 0.0095305]], "timestamp": 1618030907.0076926}
{"asks": [[6694998.0, 0.0055], [6694999.0, 0.0001], [6695325.0, 0.002], [6695401.0, 0.0231], [6695919.0, 0.0743], [6696249.0, 0.1201], [6697020.0, 0.12001639], [6697260.0, 0.05], [6697490.0, 0.0005], [6697496.0, 0.0784], [6697499.0, 0.0001], [6697568.0, 0.01113369], [6698103.0, 0.12], [6698107.0, 0.01728268], [6698149.0, 0.02], [6698520.0, 0.001], [6698599.0, 0.00095195], [6698749.0, 0.1201], [6698765.0, 0.001], [6699015.0, 0.05], [6699894.0, 0.01052758], [6699897.0, 0.00953796], [6699902.0, 0.0095305], [6699909.0, 0.08], [6699983.0, 0.12952719], [6699985.0, 0.00952922], [6699990.0, 0.00954495], [6699999.0, 0.0501], [6700000.0, 0.79490837], [6700862.0, 0.27], [6701249.0, 0.0001], [6702022.0, 0.004], [6702029.0, 0.0655], [6702114.0, 0.46809598], [6702144.0, 0.001], [6702335.0, 0.001], [6702499.0, 0.0001], [6702506.0, 0.0001], [6702682.0, 0.01], [6703184.0, 0.006]], "bids": [[6693813.0, 0.02489438], [6690864.0, 0.003], [6690544.0, 0.2749], [6690543.0, 0.01], [6690455.0, 0.01766826], [6690454.0, 0.03], [6690195.0, 0.001], [6690189.0, 0.0176411], [6690184.0, 0.015], [6690183.0, 0.00426672], [6690021.0, 0.12], [6689894.0, 0.01766826], [6689883.0, 0.0807], [6689811.0, 0.0446], [6689533.0, 0.0033], [6689526.0, 0.0011], [6689525.0, 0.0485], [6689495.0, 0.12], [6689141.0, 0.0743], [6688970.0, 0.005], [6688969.0, 0.12], [6688460.0, 0.0768], [6688443.0, 0.12], [6688296.0, 0.01136454], [6688151.0, 0.051], [6687917.0, 0.12], [6687597.0, 0.002], [6687391.0, 0.12], [6686875.0, 0.005], [6686874.0, 0.002], [6684760.0, 0.0768], [6684604.0, 0.01], [6684047.0, 0.7172], [6683942.0, 0.05], [6683538.0, 0.001], [6682604.0, 0.006], [6682566.0, 0.00952758], [6682563.0, 0.24576854], [6681910.0, 0.1], [6681503.0, 0.0025]], "timestamp": 1618030912.0068746}
{"asks": [[6694502.0, 0.01766672], [6694561.0, 0.0824], [6694885.0, 0.001], [6694891.0, 0.01766826], [6694897.0, 0.01], [6694999.0, 0.0001], [6695860.0, 0.0022], [6695861.0, 0.049], [6695967.0, 0.12], [6696024.0, 0.0808], [6696249.0, 0.0001], [6696493.0, 0.12], [6697020.0, 0.12001639], [6697260.0, 0.05], [6697490.0, 0.0005], [6697496.0, 0.0784], [6697499.0, 0.0001], [6697648.0, 0.002], [6698102.0, 0.0077], [6698103.0, 0.12], [6698149.0, 0.02], [6698204.0, 0.01113369], [6698599.0, 0.00095195], [6698749.0, 0.1201], [6698765.0, 0.001], [6699015.0, 0.05], [6699863.0, 0.001], [6699865.0, 0.00954495], [6699871.0, 0.01052758], [6699874.0, 0.00953796], [6699879.0, 0.0095305], [6699889.0, 0.00952719], [6699909.0, 0.08], [6699983.0, 0.12], [6699999.0, 0.0501], [6700000.0, 0.79490837], [6700246.0, 0.002], [6700862.0, 0.15], [6701249.0, 0.0001], [6702029.0, 0.0655]], "bids": [[6691074.0, 0.2749], [6691073.0, 0.12], [6690548.0, 0.0044], [6690547.0, 0.12], [6690021.0, 0.12], [6689884.0, 0.015], [6689579.0, 0.0485], [6689495.0, 0.12], [6688917.0, 0.01136454], [6688460.0, 0.1968], [6688280.0, 0.01], [6688183.0, 0.002], [6688151.0, 0.051], [6687308.0, 0.005], [6687307.0, 0.12], [6687305.0, 0.002], [6686972.0, 0.006], [6686904.0, 0.38698727], [6685543.0, 0.005], [6685542.0, 0.002], [6685370.0, 0.0824], [6684613.0, 0.001], [6684605.0, 0.2418119], [6684587.0, 0.001], [6684067.0, 0.0095305], [6684047.0, 0.7172], [6683942.0, 0.05], [6683170.0, 0.0025], [6682858.0, 0.01], [6681907.0, 0.1], [6681251.0, 0.0001], [6681178.0, 0.02], [6680001.0, 0.0001], [6679300.0, 0.002], [6678987.0, 0.00687662], [6678980.0, 0.02], [6678759.0, 0.00952758], [6678756.0, 0.00953796], [6678751.0, 0.0001], [6678387.0, 0.001]], "timestamp": 1618030917.0313742}
{"asks": [[6692931.0, 0.01528268], [6694610.0, 0.0044], [6694913.0, 0.01], [6694915.0, 0.12], [6694999.0, 0.0001], [6695441.0, 0.12], [6695764.0, 0.0505], [6695967.0, 0.12], [6696024.0, 0.0808], [6696249.0, 0.0001], [6696492.0, 0.0055], [6696493.0, 0.12], [6696817.0, 0.005], [6696818.0, 0.05606616], [6697020.0, 0.12001639], [6697260.0, 0.05], [6697406.0, 0.0743], [6697490.0, 0.0005], [6697496.0, 0.0784], [6697499.0, 0.0001], [6697912.0, 0.01113369], [6698103.0, 0.12], [6698149.0, 0.02], [6698597.0, 0.005], [6698599.0, 0.00095195], [6698749.0, 0.0001], [6698765.0, 0.001], [6699015.0, 0.05], [6699823.0, 0.0095305], [6699830.0, 0.00952719], [6699832.0, 0.00952922], [6699835.0, 0.001], [6699837.0, 0.00954495], [6699843.0, 0.01052758], [6699846.0, 0.00953796], [6699909.0, 0.08], [6699999.0, 0.0501], [6700000.0, 0.79540837], [6700172.0, 0.0655], [6700281.0, 0.002]], "bids": [[6690793.0, 0.03], [6690788.0, 0.26675082], [6690548.0, 0.0051], [6690034.0, 0.01766672], [6690027.0, 0.0176411], [6690022.0, 0.0033], [6690021.0, 0.12], [6689907.0, 0.0743], [6689898.0, 0.08], [6689538.0, 0.0505], [6689495.0, 0.12], [6688623.0, 0.01136454], [6688460.0, 0.1968], [6688214.0, 0.002], [6688151.0, 0.051], [6687429.0, 0.01], [6687313.0, 0.00954495], [6687307.0, 0.12], [6687002.0, 0.38698727], [6686827.0, 0.05843134], [6685370.0, 0.2024], [6685355.0, 0.00423642], [6685074.0, 0.006], [6684613.0, 0.121], [6684297.0, 0.002], [6684191.0, 0.1], [6684047.0, 0.7172], [6683942.0, 0.05], [6683454.0, 0.001], [6683170.0, 0.0025], [6681343.0, 0.01], [6681251.0, 0.0001], [6680001.0, 0.0001], [6679300.0, 0.002], [6679100.0, 0.0095305], [6679093.0, 0.00952922], [6679090.0, 0.02], [6678987.0, 0.00687662], [6678980.0, 0.02], [6678780.0, 0.00952719]], "timestamp": 1618030922.0136404}
{"asks": [[6694325.0, 0.03], [6694330.0, 0.048], [6694731.0, 0.003], [6695079.0, 0.73324918], [6695085.0, 0.02], [6695427.0, 0.00953796], [6695432.0, 0.01766672], [6695438.0, 0.0085], [6695442.0, 0.12], [6695814.0, 0.001], [6695819.0, 0.0022], [6695820.0, 0.01766826], [6695831.0, 0.05], [6695968.0, 0.12], [6696128.0, 0.0768], [6696483.0, 0.0095305], [6696492.0, 0.0055], [6696494.0, 0.12], [6697019.0, 0.005], [6697020.0, 0.12001639], [6697260.0, 0.05], [6697490.0, 0.0005], [6697496.0, 0.0784], [6697499.0, 0.0001], [6698103.0, 0.12], [6698149.0, 0.02], [6698270.0, 0.01113369], [6698599.0, 0.00095195], [6698661.0, 0.002], [6698749.0, 0.1201], [6698765.0, 0.001], [6699014.0, 0.005], [6699015.0, 0.05], [6699794.0, 0.001], [6699802.0, 0.00952719], [6699804.0, 0.00952922], [6699807.0, 0.001], [6699809.0, 0.00954495], [6699906.0, 0.00952758], [6699909.0, 0.08]], "bids": [[6691074.0, 0.0055], [6690021.0, 0.12], [6689898.0, 0.08], [6689885.0, 0.002], [6689496.0, 0.005], [6689495.0, 0.12], [6688982.0, 0.01136454], [6688460.0, 0.1968], [6688151.0, 0.051], [6687652.0, 0.005], [6687651.0, 0.17843134], [6687321.0, 0.001], [6687319.0, 0.00954495], [6686928.0, 0.00952758], [6686925.0, 0.50698727], [6686895.0, 0.02], [6686788.0, 0.01], [6686251.0, 0.1201], [6685391.0, 0.001], [6685383.0, 0.0095305], [6685376.0, 0.00952719], [6685374.0, 0.00952922], [6685370.0, 0.0824], [6685355.0, 0.00423642], [6685074.0, 0.006], [6685001.0, 0.0001], [6684828.0, 0.001], [6684053.0, 0.00953796], [6684048.0, 0.003], [6684047.0, 0.7172], [6683942.0, 0.05], [6683751.0, 0.0001], [6683050.0, 0.001], [6682901.0, 0.001], [6682569.0, 0.0025], [6682501.0, 0.0001], [6682238.0, 0.1], [6681878.0, 0.02], [6681343.0, 0.01], [6681251.0, 0.0001]], "timestamp": 1618030927.0390685}
{"asks": [[6690000.0, 0.00430657], [6691305.0, 0.001], [6691311.0, 0.01766826], [6691441.0, 0.0495], [6691457.0, 0.005], [6691525.0, 0.0022], [6691526.0, 0.0784], [6691759.0, 0.0135], [6691760.0, 0.12], [6692286.0, 0.12], [6692812.0, 0.12], [6692868.0, 0.0515], [6693085.0, 0.05606616], [6693290.0, 0.0095305], [6693297.0, 0.0776], [6693338.0, 0.12], [6693863.0, 0.005], [6693864.0, 0.12], [6694051.0, 0.002], [6694313.0, 0.00952719], [6694324.0, 0.73324918], [6694330.0, 0.048], [6694390.0, 0.12], [6694433.0, 0.01475086], [6694787.0, 0.0776], [6695829.0, 0.005], [6695831.0, 0.05], [6696128.0, 0.0768], [6697005.0, 0.002], [6697020.0, 1.639e-05], [6697490.0, 0.0005], [6697499.0, 0.0001], [6697970.0, 0.001], [6698149.0, 0.02], [6698599.0, 0.00095195], [6698749.0, 0.0001], [6698765.0, 0.001], [6699791.0, 0.00952922], [6699796.0, 0.00954495], [6699890.0, 0.001]], "bids": [[6687952.0, 0.0111], [6687724.0, 0.0051], [6687501.0, 0.0001], [6686931.0, 0.0033], [6686930.0, 0.03], [6686777.0, 0.12], [6686251.0, 0.1201], [6685536.0, 0.001], [6685416.0, 0.002], [6685391.0, 0.12], [6685355.0, 0.00423642], [6685142.0, 0.00361717], [6685001.0, 0.0001], [6684982.0, 0.01], [6684828.0, 0.12], [6684078.0, 0.001], [6684070.0, 0.00953796], [6684068.0, 0.00952758], [6684065.0, 0.0095305], [6684058.0, 0.00952719], [6684056.0, 0.00952922], [6684053.0, 0.12], [6684047.0, 0.7172], [6684028.0, 0.006], [6683942.0, 0.05], [6683932.0, 0.02], [6683751.0, 0.0001], [6683684.0, 0.002], [6683099.0, 0.1225], [6683051.0, 0.23704266], [6682946.0, 0.076], [6682607.0, 0.01], [6682501.0, 0.0001], [6681294.0, 0.05], [6681251.0, 0.0001], [6680337.0, 0.001], [6680001.0, 0.0001], [6678754.0, 0.001], [6678751.0, 0.0001], [6678575.0, 0.02]], "timestamp": 1618030932.0204551}
{"asks": [[6685874.0, 0.81811368], [6685875.0, 0.0754], [6686158.0, 0.005], [6686202.0, 0.03], [6686207.0, 0.03530782], [6686435.0, 0.12], [6686908.0, 0.0011], [6686909.0, 0.01766826], [6686960.0, 0.12], [6687292.0, 0.0495], [6687390.0, 0.0784], [6687485.0, 0.12], [6687825.0, 0.002], [6687982.0, 0.002], [6688010.0, 0.12], [6688039.0, 0.0765], [6688051.0, 0.01], [6688351.0, 0.01499897], [6688530.0, 0.00953796], [6688535.0, 0.12], [6689060.0, 0.12], [6689296.0, 0.1529], [6690000.0, 0.00430657], [6690112.0, 0.0824], [6690302.0, 0.052], [6691526.0, 0.0784], [6692834.0, 0.1], [6692981.0, 0.00423642], [6693285.0, 0.1], [6694033.0, 0.001], [6694227.0, 0.001], [6697008.0, 0.00952922], [6697011.0, 0.001], [6697013.0, 0.00954495], [6697019.0, 0.1647], [6697020.0, 1.639e-05], [6697157.0, 0.003], [6697158.0, 0.15], [6697445.0, 0.001], [6697450.0, 0.00952758]], "bids": [[6682807.0, 0.0032], [6682504.0, 0.015], [6682503.0, 0.0051], [6682501.0, 0.0001], [6682344.0, 0.0011], [6681952.0, 0.006], [6681824.0, 0.001], [6681294.0, 0.12], [6681252.0, 0.005], [6681251.0, 0.0001], [6681112.0, 0.02], [6680462.0, 0.0515], [6680367.0, 0.38698727], [6680345.0, 0.0792], [6680337.0, 0.12], [6680001.0, 0.0001], [6679112.0, 0.005], [6679110.0, 0.169], [6678977.0, 0.0856], [6678852.0, 0.002], [6678751.0, 0.0001], [6678625.0, 0.01], [6677501.0, 0.1201], [6677461.0, 0.0025], [6676867.0, 0.14], [6676837.0, 0.0752], [6676603.0, 0.001], [6676252.0, 0.36191382], [6676251.0, 0.0001], [6675791.0, 0.02], [6675001.0, 0.0001], [6673770.0, 0.001], [6673762.0, 0.0095305], [6673751.0, 0.0001], [6672979.0, 0.001], [6672504.0, 0.00952922], [6672501.0, 0.0001], [6671723.0, 0.00954495], [6671717.0, 0.00775222], [6671251.0, 0.0001]], "timestamp": 1618030937.003009}
{"asks": [[6684237.0, 0.001], [6684242.0, 0.0044], [6684299.0, 0.01], [6684328.0, 0.03533498], [6684333.0, 0.91920157], [6684852.0, 0.0095305], [6684854.0, 0.00952719], [6684859.0, 0.12], [6684966.0, 0.02], [6685065.0, 0.00953796], [6685385.0, 0.12], [6685491.0, 0.002], [6685653.0, 0.048], [6685910.0, 0.12], [6685967.0, 0.0776], [6686191.0, 0.01499897], [6686379.0, 0.002], [6686435.0, 0.12], [6686960.0, 0.12], [6687292.0, 0.0495], [6687390.0, 0.0784], [6687869.0, 0.121], [6688051.0, 0.01], [6688959.0, 0.001], [6689543.0, 0.084], [6689999.0, 0.0001], [6690000.0, 0.00430657], [6690112.0, 0.03], [6691249.0, 0.0001], [6691496.0, 0.48034333], [6692499.0, 0.0001], [6692834.0, 0.1], [6692981.0, 0.00423642], [6693117.0, 0.01], [6693285.0, 0.1], [6693631.0, 0.1647], [6693632.0, 0.001], [6693749.0, 0.0001], [6694394.0, 0.00952922], [6694397.0, 0.15]], "bids": [[6679078.0, 0.0044], [6679076.0, 0.12], [6678977.0, 0.0515], [6678751.0, 0.0001], [6678551.0, 0.12], [6678226.0, 0.0792], [6678032.0, 0.015], [6678026.0, 0.12], [6677604.0, 0.0505], [6677501.0, 0.1201], [6676867.0, 0.12], [6676837.0, 0.0752], [6676253.0, 0.005], [6676252.0, 0.12], [6676251.0, 0.0001], [6676172.0, 0.002], [6676114.0, 0.0525], [6675912.0, 0.01], [6675001.0, 0.0001], [6674300.0, 0.05794179], [6674229.0, 0.005], [6673960.0, 0.0864], [6673915.0, 0.1], [6673800.0, 0.38698727], [6673751.0, 0.0001], [6672980.0, 0.23204462], [6672875.0, 0.048], [6672501.0, 0.0001], [6672500.0, 0.0025], [6672137.0, 0.001], [6672121.0, 0.1], [6671795.0, 0.02], [6671251.0, 0.0001], [6670997.0, 0.01], [6670554.0, 0.001], [6670033.0, 0.0095305], [6670031.0, 0.00952719], [6670029.0, 0.00952922], [6670026.0, 0.00954427], [6670020.0, 0.00952758]], "timestamp": 1618030942.0174594}
{"asks": [[6681003.0, 0.044], [6682439.0, 0.022], [6682440.0, 0.08], [6682571.0, 0.69420157], [6682572.0, 0.05], [6682755.0, 0.12], [6683105.0, 0.03], [6683107.0, 0.00952758], [6683281.0, 0.12], [6683343.0, 0.01], [6683560.0, 0.00953796], [6683565.0, 0.01766826], [6683571.0, 0.0176411], [6683572.0, 0.01766431], [6683577.0, 0.01766826], [6683578.0, 0.01866672], [6683584.0, 0.0095305], [6683586.0, 0.00952719], [6683598.0, 0.01], [6683807.0, 0.12], [6683998.0, 0.0505], [6684146.0, 0.0824], [6684333.0, 0.12], [6684334.0, 0.02], [6684859.0, 0.12], [6685385.0, 0.12], [6685443.0, 0.002], [6685565.0, 0.002], [6685653.0, 0.048], [6685664.0, 0.0816], [6685748.0, 0.02], [6686249.0, 0.0001], [6687390.0, 0.0784], [6687499.0, 0.0001], [6687500.0, 0.001], [6687734.0, 0.001], [6687735.0, 0.01499897], [6688051.0, 0.01], [6688114.0, 0.001], [6688241.0, 0.1]], "bids": [[6677448.0, 0.01], [6676867.0, 0.12], [6676837.0, 0.0752], [6676252.0, 0.12], [6676251.0, 0.0001], [6675573.0, 0.0194], [6675572.0, 0.122], [6675001.0, 0.1201], [6674308.0, 0.121], [6674300.0, 0.11807426], [6673960.0, 0.0864], [6673752.0, 0.125], [6673751.0, 0.0001], [6673341.0, 0.01], [6673136.0, 0.001], [6672875.0, 0.048], [6672531.0, 0.38698727], [6672501.0, 0.0001], [6672341.0, 0.006], [6671403.0, 0.005], [6671402.0, 0.001], [6671291.0, 0.0025], [6671251.0, 0.0001], [6670418.0, 0.00952719], [6670413.0, 0.001], [6670062.0, 0.00952758], [6670059.0, 0.00953796], [6670054.0, 0.0095305], [6670050.0, 0.00952922], [6670047.0, 0.00954427], [6670001.0, 0.0001], [6669123.0, 0.003], [6668751.0, 0.0001], [6668506.0, 0.02], [6667501.0, 0.0001], [6667371.0, 0.1], [6666251.0, 0.0001], [6665320.0, 0.02], [6665202.0, 0.03468297], [6665001.0, 0.0001]], "timestamp": 1618030947.122476}
{"asks": [[6673126.0, 0.049], [6673473.0, 0.01766431], [6673479.0, 0.63912647], [6673716.0, 0.05297608], [6673721.0, 0.0066], [6673722.0, 0.01636826], [6673723.0, 0.032], [6673728.0, 0.0734], [6673823.0, 0.12], [6674347.0, 0.12], [6674635.0, 0.0505], [6674871.0, 0.12], [6675373.0, 0.001], [6675379.0, 0.0776], [6675395.0, 0.12], [6675727.0, 0.0711], [6675919.0, 0.12], [6676178.0, 0.048], [6676443.0, 0.12], [6676910.0, 0.00953796], [6676933.0, 0.01], [6676937.0, 0.0824], [6676966.0, 0.001], [6677604.0, 0.002], [6677842.0, 0.0495], [6678033.0, 0.1], [6678306.0, 0.0776], [6679623.0, 0.048], [6680896.0, 0.01499897], [6681003.0, 0.01], [6681087.0, 0.001], [6682435.0, 0.00952719], [6683363.0, 0.001], [6683749.0, 0.0001], [6684964.0, 0.01], [6684999.0, 0.0001], [6686249.0, 0.0001], [6686829.0, 0.001], [6686837.0, 0.15], [6687040.0, 0.02]], "bids": [[6671251.0, 0.0001], [6670001.0, 0.0001], [6669004.0, 0.006], [6668751.0, 0.0001], [6667928.0, 0.0033], [6667927.0, 0.0816], [6667797.0, 0.015], [6667501.0, 0.0001], [6666994.0, 0.12], [6666251.0, 0.1201], [6666087.0, 0.05], [6665504.0, 0.005], [6665503.0, 0.12952922], [6665327.0, 0.00954427], [6665321.0, 0.23360622], [6665001.0, 0.0001], [6664947.0, 0.121], [6664910.0, 0.0025], [6664496.0, 0.0808], [6664254.0, 0.12], [6663760.0, 0.005], [6663759.0, 0.001], [6663751.0, 0.0001], [6663744.0, 0.05], [6662668.0, 0.121], [6662542.0, 0.01], [6662511.0, 0.00953796], [6662506.0, 0.00952719], [6662501.0, 0.0001], [6662400.0, 0.0095305], [6661813.0, 0.02], [6661388.0, 0.002], [6661254.0, 0.00952758], [6661251.0, 0.0001], [6660271.0, 0.05794179], [6660101.0, 0.02], [6660009.0, 0.001], [6660001.0, 0.0001], [6659995.0, 0.05785281], [6659540.0, 0.03468297]], "timestamp": 1618030952.068203}
{"asks": [[6673242.0, 0.001], [6674824.0, 0.0055], [6674825.0, 0.01766826], [6674831.0, 0.01499897], [6674910.0, 0.001], [6676933.0, 0.13], [6676966.0, 0.001], [6677842.0, 0.12], [6678749.0, 0.0001], [6679565.0, 0.12], [6679999.0, 0.0001], [6680300.0, 0.0485], [6680854.0, 0.13], [6680895.0, 0.1647], [6681003.0, 0.01], [6681249.0, 0.0001], [6681877.0, 0.121], [6681979.0, 0.001], [6682499.0, 0.1201], [6683233.0, 0.1207], [6683749.0, 0.0001], [6684000.0, 0.02], [6684487.0, 0.0784], [6684999.0, 0.0001], [6685991.0, 0.001], [6686240.0, 0.00952758], [6686243.0, 0.00953796], [6686248.0, 0.04611477], [6686249.0, 0.0001], [6686483.0, 0.02], [6686806.0, 0.0095305], [6686808.0, 0.00952719], [6686810.0, 0.00952922], [6686813.0, 0.001], [6686815.0, 0.00954427], [6686821.0, 0.004], [6687499.0, 0.0001], [6687500.0, 0.001], [6687645.0, 0.0025], [6688051.0, 0.01]], "bids": [[6673241.0, 0.0768], [6671806.0, 0.049], [6670327.0, 0.036], [6670191.0, 0.12], [6669666.0, 0.12], [6669575.0, 0.0031], [6669141.0, 0.12], [6668631.0, 0.001], [6668626.0, 0.02], [6668625.0, 0.01866826], [6668616.0, 0.12], [6668091.0, 0.12], [6667568.0, 0.005], [6667567.0, 0.12], [6666520.0, 0.0044], [6665383.0, 0.001], [6665380.0, 0.0515], [6665001.0, 0.0001], [6663751.0, 0.0001], [6663093.0, 0.1], [6662501.0, 0.0001], [6661635.0, 0.001], [6661251.0, 0.0001], [6660001.0, 0.0001], [6659470.0, 0.006], [6659202.0, 0.0655], [6658751.0, 0.0001], [6658459.0, 0.002], [6658112.0, 0.01], [6657718.0, 0.00777026], [6657613.0, 0.0095305], [6657611.0, 0.00952719], [6657606.0, 0.375], [6657605.0, 0.1], [6657501.0, 0.0001], [6657047.0, 0.001], [6657040.0, 0.02], [6656806.0, 0.001], [6656744.0, 0.001], [6656251.0, 0.0001]], "timestamp": 1618030957.0140781}
{"asks": [[6675604.0, 0.003], [6677534.0, 0.049], [6678507.0, 0.00953796], [6678512.0, 0.12], [6678995.0, 0.049], [6679036.0, 0.12], [6679556.0, 0.0044], [6679560.0, 0.12], [6680084.0, 0.12], [6680244.0, 0.0816], [6680469.0, 0.05], [6680528.0, 0.03813], [6680608.0, 0.12], [6680662.0, 0.048], [6680828.0, 0.02], [6680842.0, 0.03533257], [6680854.0, 0.0485], [6680861.0, 0.02], [6681003.0, 0.01], [6681133.0, 0.12], [6681249.0, 0.0001], [6681652.0, 0.01], [6682368.0, 0.0505], [6682499.0, 0.0001], [6682514.0, 0.1], [6683114.0, 0.005], [6683749.0, 0.0001], [6683909.0, 0.002], [6684998.0, 0.005], [6684999.0, 0.0001], [6686249.0, 0.0001], [6686604.0, 0.01112492], [6686798.0, 0.001], [6687499.0, 0.0001], [6687500.0, 0.001], [6687515.0, 0.001], [6687523.0, 0.0095305], [6687525.0, 0.00952719], [6687527.0, 0.00952922], [6687530.0, 0.00954427]], "bids": [[6673557.0, 0.0154], [6673363.0, 0.01137303], [6672508.0, 0.121], [6671806.0, 0.12], [6670971.0, 0.002], [6669321.0, 0.0792], [6669237.0, 0.121], [6669029.0, 0.001], [6668835.0, 0.0025], [6668241.0, 0.12], [6666703.0, 0.14], [6666093.0, 0.121], [6665233.0, 0.02], [6665001.0, 0.0001], [6664744.0, 0.01], [6664148.0, 0.1], [6663808.0, 0.001], [6663752.0, 0.23521877], [6663751.0, 0.0001], [6662866.0, 0.1], [6662501.0, 0.0001], [6661643.0, 0.001], [6661251.0, 0.0001], [6660767.0, 0.01834957], [6660191.0, 0.00703019], [6660001.0, 0.0001], [6659470.0, 0.006], [6659202.0, 0.0655], [6658764.0, 0.0095305], [6658760.0, 0.00952922], [6658757.0, 0.00954427], [6658751.0, 0.0001], [6658117.0, 0.00952719], [6658112.0, 0.03468297], [6657632.0, 0.001], [6657629.0, 0.00953796], [6657624.0, 0.00952758], [6657606.0, 0.375], [6657501.0, 0.0001], [6656806.0, 0.001]], "timestamp": 1618030962.0396922}
{"asks": [[6680733.0, 0.003], [6681003.0, 0.01], [6681249.0, 0.0001], [6682288.0, 0.12], [6682499.0, 0.0001], [6682812.0, 0.12], [6683315.0, 0.0515], [6683336.0, 0.12], [6683440.0, 0.0784], [6683749.0, 0.0001], [6683859.0, 0.0022], [6683860.0, 0.12], [6683991.0, 0.01112492], [6684384.0, 0.12], [6684903.0, 0.0505], [6684999.0, 0.1201], [6686008.0, 0.11722894], [6686249.0, 0.0001], [6686747.0, 0.053], [6687110.0, 0.0808], [6687454.0, 0.01], [6687499.0, 0.0001], [6687500.0, 0.001], [6688051.0, 0.01], [6688702.0, 0.00953796], [6688707.0, 0.00952719], [6688712.0, 0.0095305], [6688719.0, 0.46910153], [6688728.0, 0.1], [6688749.0, 0.0001], [6689022.0, 0.02], [6689524.0, 0.001], [6689526.0, 0.00954427], [6689622.0, 0.004], [6689999.0, 0.0001], [6690000.0, 0.08430657], [6690112.0, 0.03], [6691249.0, 0.0001], [6692498.0, 0.04548913], [6692499.0, 0.0001]], "bids": [[6678319.0, 0.01], [6678318.0, 0.0031], [6677787.0, 0.038], [6677657.0, 0.01966672], [6677656.0, 0.03], [6677652.0, 0.0066], [6677651.0, 0.01], [6677619.0, 0.002], [6677568.0, 0.12], [6677433.0, 0.03530936], [6677244.0, 0.0033], [6677044.0, 0.12], [6676521.0, 0.005], [6676520.0, 0.12], [6676332.0, 0.051], [6676259.0, 0.0733], [6676041.0, 0.0792], [6675996.0, 0.12], [6675472.0, 0.12], [6674949.0, 0.005], [6674948.0, 0.12], [6674762.0, 0.002], [6673726.0, 0.05], [6673105.0, 0.001], [6673033.0, 0.002], [6672427.0, 0.01], [6672331.0, 0.051], [6672250.0, 0.1], [6671708.0, 0.01137303], [6671481.0, 0.0776], [6671427.0, 0.006], [6669674.0, 0.001], [6668633.0, 0.0025], [6667999.0, 0.1], [6667391.0, 0.001], [6666718.0, 0.001], [6665497.0, 0.00782377], [6665234.0, 0.24551543], [6665001.0, 0.0001], [6664744.0, 0.013]], "timestamp": 1618030967.0156648}
{"asks": [[6686004.0, 0.011], [6686005.0, 0.009], [6686008.0, 0.07042894], [6686249.0, 0.0001], [6687499.0, 0.0001], [6687643.0, 0.12], [6688051.0, 0.01], [6688168.0, 0.12], [6688330.0, 0.0198], [6688331.0, 0.01112492], [6688413.0, 0.051], [6688692.0, 0.005], [6688693.0, 0.12], [6688749.0, 0.0001], [6688788.0, 0.08], [6688859.0, 0.001], [6689999.0, 0.1201], [6690000.0, 0.08430657], [6690112.0, 0.03], [6691049.0, 0.005], [6691050.0, 0.13], [6691249.0, 0.0001], [6691643.0, 0.053], [6691765.0, 0.0776], [6692025.0, 0.001], [6692033.0, 0.22], [6692195.0, 0.00374185], [6692497.0, 0.005], [6692499.0, 0.0001], [6692937.0, 0.49225092], [6692939.0, 0.00952758], [6692942.0, 0.001], [6692945.0, 0.00953796], [6692950.0, 0.00952922], [6692960.0, 0.0095305], [6692966.0, 0.00954427], [6692981.0, 0.00423642], [6693749.0, 0.0001], [6694209.0, 0.02], [6694509.0, 0.02]], "bids": [[6683067.0, 0.0068], [6682503.0, 0.01866826], [6682502.0, 0.03], [6682497.0, 0.03530782], [6682387.0, 0.0784], [6682330.0, 0.0033], [6682107.0, 0.0132], [6682106.0, 0.01766826], [6682066.0, 0.005], [6681946.0, 0.0515], [6681760.0, 0.12], [6681236.0, 0.12], [6680712.0, 0.12], [6680575.0, 0.001], [6680570.0, 0.01], [6680569.0, 0.0504], [6680188.0, 0.12], [6679664.0, 0.12], [6679140.0, 0.12], [6679105.0, 0.01766431], [6679099.0, 0.0784], [6679035.0, 0.0495], [6678872.0, 0.001], [6678318.0, 0.0031], [6678067.0, 0.01], [6677684.0, 0.05], [6677651.0, 0.01], [6677624.0, 0.0784], [6677531.0, 0.001], [6677045.0, 0.0066], [6677031.0, 0.002], [6676041.0, 0.0792], [6675928.0, 0.1], [6675546.0, 0.01137303], [6675297.0, 0.002], [6673720.0, 0.0025], [6673327.0, 0.001], [6673215.0, 0.1], [6672319.0, 0.006], [6672266.0, 0.001]], "timestamp": 1618030972.0426593}
{"asks": [[6682153.0, 0.0768], [6683405.0, 0.01766826], [6683408.0, 0.03], [6683411.0, 0.00830782], [6683417.0, 0.0495], [6683443.0, 0.12], [6683655.0, 0.01], [6683656.0, 0.0816], [6683968.0, 0.12], [6684492.0, 0.0022], [6684493.0, 0.12], [6684808.0, 0.02], [6685018.0, 0.12], [6685198.0, 0.00954427], [6685204.0, 0.0095305], [6685205.0, 0.03633257], [6685212.0, 0.051], [6685252.0, 0.019], [6685542.0, 0.005], [6685543.0, 0.12], [6685628.0, 0.001], [6685749.0, 0.0776], [6686005.0, 0.009], [6686068.0, 0.12], [6686249.0, 0.0001], [6686733.0, 0.051], [6687095.0, 0.0776], [6687497.0, 0.005], [6687499.0, 0.0001], [6687663.0, 0.002], [6688051.0, 0.01], [6688413.0, 0.051], [6688455.0, 0.01112492], [6688706.0, 0.00374005], [6688749.0, 0.0001], [6688788.0, 0.08], [6689999.0, 0.0001], [6690000.0, 0.08430657], [6690112.0, 0.03], [6691249.0, 0.0001]], "bids": [[6678733.0, 0.0077], [6678067.0, 0.01], [6677651.0, 0.01], [6677069.0, 0.006], [6676948.0, 0.002], [6676282.0, 0.01137303], [6676190.0, 0.0495], [6676041.0, 0.1992], [6675977.0, 0.001], [6675603.0, 0.001], [6674752.0, 0.12], [6674258.0, 0.001], [6673890.0, 0.0515], [6673720.0, 0.1225], [6673467.0, 0.0824], [6673329.0, 0.01], [6672339.0, 0.121], [6672336.0, 0.00953796], [6672089.0, 0.04476936], [6671768.0, 0.12], [6671526.0, 0.001], [6670771.0, 0.05785281], [6670207.0, 0.34787557], [6669907.0, 0.02], [6669737.0, 0.01], [6668357.0, 0.1], [6668345.0, 0.02], [6667931.0, 0.001], [6667246.0, 0.001], [6667238.0, 0.00952758], [6666718.0, 0.00746085], [6666166.0, 0.02], [6665520.0, 0.0095305], [6665513.0, 0.001], [6665499.0, 0.03468297], [6665049.0, 0.00952719], [6665047.0, 0.00952922], [6665044.0, 0.01254427], [6665038.0, 1.0], [6665001.0, 0.0001]], "timestamp": 1618030977.0084589}
{"asks": [[6678314.0, 0.003], [6678684.0, 0.0262], [6679564.0, 0.002], [6680030.0, 1.00984655], [6680031.0, 0.0776], [6680125.0, 0.009999], [6680297.0, 0.12], [6680482.0, 0.0222], [6680641.0, 0.0044], [6680821.0, 0.12], [6681109.0, 0.005], [6681345.0, 0.12], [6681478.0, 0.1157946], [6681773.0, 0.001], [6681869.0, 0.12], [6682153.0, 0.0768], [6682346.0, 0.005], [6682347.0, 0.05], [6682393.0, 0.12], [6682918.0, 0.12], [6683656.0, 0.0816], [6683804.0, 0.0485], [6684705.0, 0.005], [6684706.0, 0.01112492], [6685212.0, 0.051], [6685252.0, 0.019], [6685567.0, 0.002], [6686249.0, 0.0001], [6686858.0, 0.1], [6687366.0, 0.00374178], [6687499.0, 0.0001], [6687500.0, 0.001], [6687935.0, 0.02], [6688051.0, 0.01], [6688749.0, 0.0001], [6689999.0, 0.07286894], [6690000.0, 0.08430657], [6690566.0, 0.01], [6691220.0, 0.001], [6691228.0, 0.00953796]], "bids": [[6675417.0, 0.048], [6675118.0, 0.02071], [6674986.0, 0.0055], [6674353.0, 0.002], [6674033.0, 0.01766431], [6674027.0, 0.05297608], [6674021.0, 0.04], [6674020.0, 0.001], [6673911.0, 0.12], [6673896.0, 0.001], [6673890.0, 0.0515], [6673535.0, 0.08], [6673524.0, 0.001], [6673387.0, 0.12], [6672864.0, 0.0055], [6672863.0, 0.12], [6672760.0, 0.01137303], [6672339.0, 0.12], [6672089.0, 0.04476936], [6671796.0, 0.001], [6671526.0, 0.12], [6671445.0, 0.0485], [6670991.0, 0.12], [6670765.0, 0.0025], [6670617.0, 0.001], [6670143.0, 0.08], [6670001.0, 0.0001], [6669723.0, 0.01], [6668751.0, 0.0001], [6668551.0, 0.001], [6668365.0, 0.001], [6668357.0, 0.1], [6668318.0, 0.01], [6667506.0, 0.00952719], [6667501.0, 0.0001], [6666732.0, 0.00954427], [6666726.0, 0.0095305], [6666719.0, 0.24679264], [6666251.0, 0.0001], [6665499.0, 0.03468297]], "timestamp": 1618030982.091578}
{"asks": [[6677053.0, 0.002], [6678277.0, 0.019], [6678722.0, 0.0033], [6678724.0, 0.12], [6679249.0, 0.12], [6679456.0, 0.0095305], [6679773.0, 0.12], [6680031.0, 0.0776], [6680124.0, 0.02], [6680125.0, 0.009999], [6680297.0, 0.12], [6680621.0, 0.05794179], [6680718.0, 0.001], [6680821.0, 0.12], [6681331.0, 0.01112492], [6681504.0, 0.122], [6681953.0, 0.005], [6681954.0, 0.05785281], [6682153.0, 0.0768], [6682347.0, 0.05], [6683656.0, 0.0816], [6683803.0, 0.005], [6683804.0, 0.0485], [6685252.0, 0.019], [6686015.0, 0.002], [6686249.0, 0.0001], [6686858.0, 0.1], [6687366.0, 0.00374178], [6687499.0, 0.0001], [6687500.0, 0.001], [6687515.0, 0.01], [6688051.0, 0.01], [6688702.0, 0.02], [6688746.0, 0.00952758], [6688749.0, 0.0001], [6689945.0, 0.001], [6689953.0, 0.00953796], [6689958.0, 0.00952922], [6689961.0, 0.001], [6689963.0, 0.00954427]], "bids": [[6676251.0, 0.0001], [6675001.0, 0.0001], [6674454.0, 0.03], [6674417.0, 0.001], [6674396.0, 0.0495], [6673911.0, 0.12], [6673842.0, 0.0768], [6673751.0, 0.0001], [6673388.0, 0.0077], [6673387.0, 0.12], [6673202.0, 0.001], [6672974.0, 0.002], [6672919.0, 0.0485], [6672863.0, 0.12], [6672501.0, 0.0001], [6672421.0, 0.0776], [6672340.0, 0.0055], [6672339.0, 0.12], [6671847.0, 0.01137303], [6671445.0, 0.1685], [6671251.0, 0.0001], [6670742.0, 0.001], [6670617.0, 0.12], [6670417.0, 0.01], [6670143.0, 0.08], [6670001.0, 0.0001], [6669417.0, 0.006], [6668998.0, 0.0525], [6668751.0, 0.0001], [6668357.0, 0.1], [6668177.0, 0.001], [6667788.0, 0.0025], [6667501.0, 0.0001], [6666463.0, 0.001], [6666251.0, 0.0001], [6665651.0, 0.01], [6665078.0, 0.001], [6665001.0, 0.0001], [6664917.0, 0.375], [6663978.0, 0.00716066]], "timestamp": 1618030987.0507514}
{"asks": [[6677003.0, 0.003], [6677217.0, 0.01766826], [6677219.0, 0.007], [6677222.0, 0.0011], [6677223.0, 0.0445], [6677390.0, 0.05785281], [6677397.0, 0.02], [6677528.0, 0.0184], [6677601.0, 0.005], [6677677.0, 0.12], [6677969.0, 0.005], [6678021.0, 0.0759], [6678201.0, 0.12], [6678241.0, 0.05852121], [6678725.0, 0.12], [6678779.0, 0.006], [6679190.0, 0.08], [6679249.0, 0.12], [6679374.0, 0.0515], [6679772.0, 0.005], [6679773.0, 0.12], [6680000.0, 0.18], [6680125.0, 0.009999], [6680149.0, 0.001], [6680297.0, 0.12], [6680660.0, 0.0768], [6680902.0, 0.0495], [6680960.0, 0.01112492], [6681838.0, 0.1], [6682153.0, 0.0768], [6682347.0, 0.05], [6682890.0, 0.001], [6682904.0, 0.001], [6683351.0, 0.1], [6683804.0, 0.0485], [6683929.0, 0.002], [6685252.0, 0.019], [6686249.0, 0.0001], [6686548.0, 0.00374297], [6686807.0, 0.001]], "bids": [[6675024.0, 0.02], [6672184.0, 0.08], [6671968.0, 0.12], [6671868.0, 0.0485], [6671574.0, 0.002], [6671478.0, 0.0022], [6671477.0, 0.03530782], [6671471.0, 0.01137303], [6671445.0, 0.12], [6671388.0, 0.0759], [6671251.0, 0.0001], [6670742.0, 0.001], [6670617.0, 0.12], [6670477.0, 0.048], [6670417.0, 0.01], [6670143.0, 0.08], [6670001.0, 0.1201], [6669716.0, 0.01], [6669417.0, 0.126], [6668998.0, 0.0525], [6668751.0, 0.1201], [6668225.0, 0.0768], [6667501.0, 0.0001], [6667176.0, 0.001], [6666861.0, 0.0025], [6666251.0, 0.0001], [6666190.0, 0.01], [6665975.0, 0.047], [6665450.0, 0.001], [6665280.0, 0.00956405], [6665273.0, 0.1], [6665006.0, 0.00953796], [6665001.0, 0.0001], [6664939.0, 0.001], [6664934.0, 0.00952758], [6664931.0, 0.00954427], [6664930.0, 0.01252719], [6664928.0, 0.00952922], [6664925.0, 0.04476936], [6663751.0, 0.0001]], "timestamp": 1618030992.0439205}
{"asks": [[6670446.0, 0.02], [6670845.0, 0.001], [6671883.0, 0.002], [6672228.0, 0.02], [6672230.0, 0.05852121], [6672447.0, 0.12], [6672970.0, 0.12], [6672983.0, 0.0116], [6672984.0, 0.0768], [6673488.0, 0.00952719], [6673493.0, 0.12], [6673572.0, 0.001], [6673577.0, 0.88964655], [6673890.0, 0.0515], [6674016.0, 0.12], [6674262.0, 0.005], [6674263.0, 0.001], [6674539.0, 0.12], [6675054.0, 0.001], [6675055.0, 0.00956405], [6675062.0, 0.12], [6675293.0, 0.0808], [6675786.0, 0.002], [6676019.0, 0.0495], [6676302.0, 0.00953796], [6676768.0, 0.0698], [6676780.0, 0.1], [6677186.0, 0.01112492], [6677925.0, 0.001], [6678727.0, 0.001], [6679190.0, 0.08], [6679374.0, 0.0515], [6680000.0, 0.18], [6680125.0, 0.009999], [6680902.0, 0.0495], [6681125.0, 0.01], [6681808.0, 0.47963486], [6683351.0, 0.1], [6685243.0, 0.00952758], [6685252.0, 0.019]], "bids": [[6670001.0, 0.0001], [6669417.0, 0.006], [6668751.0, 0.0001], [6667695.0, 0.01137303], [6667501.0, 0.1201], [6666596.0, 0.0088], [6666595.0, 0.12], [6666251.0, 0.0001], [6665976.0, 0.0055], [6665975.0, 0.167], [6665876.0, 0.0832], [6665450.0, 0.12], [6665307.0, 0.002], [6665001.0, 0.0001], [6664925.0, 0.12], [6663978.0, 0.1225], [6663751.0, 0.0001], [6663460.0, 0.0776], [6663286.0, 0.02], [6663006.0, 0.051], [6662663.0, 0.001], [6662501.0, 0.0001], [6662323.0, 0.026], [6662241.0, 0.00952758], [6662237.0, 0.0655], [6661925.0, 0.00953796], [6661914.0, 0.02], [6661282.0, 0.001], [6661260.0, 0.002], [6661252.0, 0.24587851], [6661251.0, 0.0001], [6660204.0, 0.002], [6660091.0, 0.00956405], [6660012.0, 0.00954427], [6660009.0, 0.00952922], [6660006.0, 0.00952719], [6660001.0, 0.0001], [6659743.0, 0.01], [6658751.0, 0.0001], [6658429.0, 0.1]], "timestamp": 1618030997.0001981}
{"asks": [[6666107.0, 0.00308502], [6668898.0, 0.01766826], [6668903.0, 0.89064655], [6668904.0, 0.01766431], [6668908.0, 0.0011], [6668909.0, 0.04], [6668910.0, 0.01666826], [6668981.0, 0.0776], [6669120.0, 0.05852121], [6669722.0, 0.1], [6669948.0, 0.001], [6670000.0, 0.2], [6670416.0, 0.006], [6670549.0, 0.2016], [6670917.0, 0.01], [6670989.0, 0.002], [6671058.0, 0.0495], [6671403.0, 0.12], [6672375.0, 0.13474973], [6672411.0, 0.001], [6672448.0, 0.051], [6672965.0, 0.12], [6672984.0, 0.0768], [6673774.0, 0.002], [6673890.0, 0.0515], [6675642.0, 0.001], [6675751.0, 0.001], [6677890.0, 0.00953796], [6677895.0, 0.4739876], [6680000.0, 0.17276894], [6680125.0, 0.009999], [6681125.0, 0.01], [6681140.0, 0.15], [6681542.0, 0.001], [6681543.0, 0.00956405], [6681550.0, 0.1560848], [6681551.0, 0.02], [6683351.0, 0.1], [6683748.0, 1.7629], [6683749.0, 0.0001]], "bids": [[6663708.0, 0.0006], [6662501.0, 0.0001], [6662428.0, 0.00362481], [6662237.0, 0.0655], [6661807.0, 0.12], [6661286.0, 0.005], [6661285.0, 0.12], [6661251.0, 0.0001], [6660885.0, 0.0848], [6660659.0, 0.13], [6660001.0, 0.1201], [6659885.0, 0.002], [6659744.0, 0.005], [6659743.0, 0.01], [6658751.0, 0.1201], [6658637.0, 0.001], [6657647.0, 0.1225], [6657501.0, 0.0001], [6657171.0, 0.001], [6656934.0, 0.001], [6656926.0, 0.00953796], [6656921.0, 0.05431363], [6656920.0, 0.00952719], [6656918.0, 0.00952922], [6656550.0, 0.00956405], [6656543.0, 0.001], [6656527.0, 0.1966], [6656251.0, 0.0001], [6656157.0, 0.02], [6655001.0, 0.0001], [6654897.0, 0.02], [6654150.0, 0.23037184], [6654149.0, 0.001], [6653751.0, 0.0001], [6653708.0, 0.01886499], [6653461.0, 0.1], [6653189.0, 0.00759542], [6652501.0, 0.0001], [6651443.0, 0.03468297], [6651299.0, 0.02]], "timestamp": 1618031002.0043106}
{"asks": [[6662718.0, 0.05852121], [6663587.0, 0.01], [6663588.0, 0.002], [6663735.0, 0.0066], [6663736.0, 0.12], [6664258.0, 0.12], [6664488.0, 0.01766826], [6664493.0, 0.005], [6664585.0, 0.0774], [6664609.0, 0.006], [6664780.0, 0.12], [6665302.0, 0.12], [6665824.0, 0.12], [6666016.0, 0.00953796], [6666021.0, 0.0768], [6666345.0, 0.005], [6666346.0, 0.12], [6666536.0, 0.001], [6666992.0, 0.049], [6667336.0, 0.002], [6667494.0, 0.0776], [6668634.0, 0.0485], [6668981.0, 0.0776], [6669534.0, 0.0149868], [6669722.0, 0.1], [6669843.0, 0.001], [6670000.0, 0.08], [6670416.0, 0.006], [6670746.0, 0.001], [6670917.0, 0.01], [6671058.0, 0.0495], [6675374.0, 0.01], [6675745.0, 0.00952758], [6675748.0, 0.00952922], [6676635.0, 0.001], [6676643.0, 0.02], [6677499.0, 0.0001], [6677873.0, 0.001], [6677881.0, 0.00954427], [6677882.0, 0.00952719]], "bids": [[6661251.0, 0.0001], [6660001.0, 0.0001], [6658934.0, 0.0792], [6658751.0, 0.1201], [6657648.0, 0.0044], [6657647.0, 0.12], [6657501.0, 0.0001], [6657300.0, 0.0768], [6657017.0, 0.12], [6656662.0, 0.002], [6656579.0, 0.001], [6656527.0, 0.1966], [6656507.0, 0.016], [6656251.0, 0.1201], [6655596.0, 0.122], [6655426.0, 0.0535], [6655001.0, 0.1201], [6654149.0, 0.001], [6654127.0, 0.001], [6653812.0, 0.0025], [6653751.0, 0.0001], [6653566.0, 0.01], [6652647.0, 0.001], [6652501.0, 0.0001], [6651445.0, 0.026], [6651444.0, 0.1], [6651256.0, 0.00952719], [6651251.0, 0.0001], [6650983.0, 0.00952922], [6650591.0, 0.001], [6650588.0, 0.001], [6650583.0, 0.00952758], [6650580.0, 0.04422093], [6650575.0, 0.00954427], [6650570.0, 0.375], [6650564.0, 0.6505], [6650469.0, 0.02], [6650001.0, 0.0001], [6648975.0, 0.02], [6648832.0, 0.00049335]], "timestamp": 1618031007.0049887}
{"asks": [[6664445.0, 0.002], [6664578.0, 0.01766826], [6664584.0, 0.01], [6664609.0, 0.006], [6664982.0, 0.002], [6665670.0, 0.001], [6666345.0, 0.005], [6666470.0, 0.12], [6666992.0, 0.12], [6667494.0, 0.0776], [6668633.0, 0.005], [6668634.0, 0.12], [6668900.0, 0.0149868], [6668981.0, 0.0776], [6669533.0, 0.16890219], [6669722.0, 0.1], [6670000.0, 0.08], [6670416.0, 0.126], [6670917.0, 0.01], [6671058.0, 0.1695], [6671875.0, 0.001], [6672328.0, 0.001], [6672329.0, 0.00956405], [6672336.0, 0.00952758], [6672339.0, 0.00953796], [6672345.0, 0.49680661], [6672439.0, 0.001], [6672499.0, 0.0001], [6672968.0, 0.01], [6673749.0, 0.0001], [6674893.0, 0.02], [6674999.0, 0.0001], [6676243.0, 0.1560848], [6676244.0, 0.00952719], [6676249.0, 0.0001], [6676621.0, 0.001], [6676629.0, 0.00954427], [6676632.0, 0.00952922], [6677499.0, 0.0001], [6677530.0, 0.001]], "bids": [[6662477.0, 0.003], [6662450.0, 0.00495], [6661826.0, 0.0768], [6661382.0, 0.01637], [6661251.0, 0.0001], [6660298.0, 0.0655], [6660274.0, 0.0033], [6660258.0, 0.0505], [6660179.0, 0.0776], [6660001.0, 0.0001], [6659793.0, 0.12], [6659272.0, 0.12], [6658775.0, 0.0816], [6658767.0, 0.048], [6658751.0, 0.1201], [6658637.0, 0.1966], [6657647.0, 0.12], [6657501.0, 0.0001], [6657374.0, 0.0495], [6657300.0, 0.0768], [6657075.0, 0.002], [6657018.0, 0.0011], [6657017.0, 0.12], [6656507.0, 0.01], [6656251.0, 0.1201], [6655715.0, 0.001], [6655424.0, 0.6505], [6655251.0, 0.006], [6655001.0, 0.0001], [6654484.0, 0.001], [6654149.0, 0.001], [6654104.0, 0.002], [6653751.0, 0.0001], [6652501.0, 0.0001], [6652059.0, 0.001], [6651951.0, 0.0025], [6651251.0, 0.0001], [6650994.0, 0.01], [6650596.0, 0.00952719], [6650424.0, 0.375]], "timestamp": 1618031012.0074737}
{"asks": [[6667187.0, 0.88964655], [6667294.0, 0.00953796], [6667299.0, 0.05831121], [6667336.0, 0.03], [6667342.0, 0.0014], [6667466.0, 0.0776], [6667811.0, 0.12], [6668332.0, 0.12], [6668739.0, 0.0286], [6668740.0, 0.049], [6668853.0, 0.12], [6669040.0, 0.0792], [6669374.0, 0.12], [6669447.0, 0.002], [6669895.0, 0.12], [6669993.0, 0.01766826], [6670000.0, 0.08], [6670383.0, 0.0792], [6670416.0, 0.126], [6670776.0, 0.049], [6670917.0, 0.01], [6671057.0, 0.0088], [6671925.0, 0.0816], [6672132.0, 0.048], [6672499.0, 0.0001], [6673264.0, 0.001], [6673408.0, 0.001], [6673467.0, 0.001], [6673553.0, 0.0149868], [6673653.0, 0.051], [6673749.0, 0.0001], [6673866.0, 0.1], [6674999.0, 0.0001], [6676249.0, 0.0001], [6677161.0, 0.01], [6677485.0, 0.00952758], [6677499.0, 0.0001], [6677822.0, 0.00954427], [6677828.0, 0.001], [6677831.0, 0.00952719]], "bids": [[6663336.0, 0.002], [6662217.0, 0.0026], [6661883.0, 0.001], [6661833.0, 0.0088], [6661832.0, 0.11035345], [6661826.0, 0.0768], [6661772.0, 0.12], [6661251.0, 0.1201], [6660298.0, 0.1855], [6660179.0, 0.0776], [6660111.0, 0.001], [6660001.0, 0.0001], [6659841.0, 0.005], [6659840.0, 0.016], [6658767.0, 0.168], [6658751.0, 0.0001], [6658637.0, 0.1966], [6657502.0, 0.005], [6657501.0, 0.1201], [6656662.0, 0.1225], [6656251.0, 0.0001], [6655704.0, 0.001], [6655444.0, 0.00953796], [6655439.0, 0.001], [6655436.0, 0.00952719], [6655434.0, 0.00952922], [6655431.0, 0.00956405], [6655424.0, 0.69526936], [6655147.0, 0.01], [6655079.0, 0.026], [6655001.0, 0.0001], [6654149.0, 0.001], [6653751.0, 0.0001], [6653145.0, 0.1], [6652875.0, 0.02], [6652507.0, 0.00954427], [6652501.0, 0.0001], [6652346.0, 0.1], [6651954.0, 0.00952758], [6651772.0, 0.001]], "timestamp": 1618031017.0583115}
{"asks": [[6658632.0, 0.03], [6658636.0, 0.01], [6660028.0, 0.05831121], [6660270.0, 0.005], [6661559.0, 0.12], [6661631.0, 0.005], [6661632.0, 0.002], [6662080.0, 0.12], [6662335.0, 0.0066], [6662336.0, 0.0808], [6662601.0, 0.12], [6663037.0, 0.051], [6663122.0, 0.12], [6663360.0, 0.005], [6663365.0, 0.1], [6663643.0, 0.12], [6663768.0, 0.0768], [6663968.0, 0.001], [6664164.0, 0.12], [6664568.0, 0.0505], [6664677.0, 0.001], [6664678.0, 0.00956405], [6665459.0, 0.001], [6665725.0, 0.0149868], [6665927.0, 0.0495], [6665964.0, 0.0792], [6666249.0, 0.0001], [6666352.0, 0.001], [6667094.0, 0.001], [6667342.0, 0.0014], [6667466.0, 0.0776], [6667499.0, 0.0001], [6668749.0, 0.0001], [6669946.0, 0.001], [6669951.0, 0.00952758], [6669954.0, 0.00953796], [6669959.0, 0.00954427], [6669965.0, 0.00952719], [6669967.0, 0.00952922], [6669970.0, 0.46168358]], "bids": [[6657501.0, 0.0001], [6656433.0, 0.0066], [6656432.0, 0.0792], [6656251.0, 0.0001], [6656224.0, 0.12], [6655704.0, 0.3176], [6655594.0, 0.6505], [6655268.0, 0.0485], [6655147.0, 0.12], [6655001.0, 0.0001], [6654823.0, 0.0792], [6654298.0, 0.006], [6654149.0, 0.121], [6654015.0, 0.001], [6653751.0, 0.0001], [6653711.0, 0.0465], [6653105.0, 0.002], [6652875.0, 0.12], [6652501.0, 0.0001], [6651962.0, 0.12], [6651251.0, 0.0001], [6651212.0, 0.0535], [6650941.0, 0.0025], [6650471.0, 0.001], [6650273.0, 0.01], [6650001.0, 0.0001], [6648984.0, 0.00952719], [6648982.0, 0.00952922], [6648979.0, 0.001], [6648978.0, 0.00956405], [6648832.0, 0.00049335], [6648751.0, 0.0001], [6648615.0, 0.001], [6648607.0, 0.00953796], [6648602.0, 0.00954427], [6648596.0, 0.04487684], [6648243.0, 0.02], [6647531.0, 0.00952758], [6647528.0, 0.02], [6647502.0, 0.22929979]], "timestamp": 1618031022.0393865}
{"asks": [[6659214.0, 0.002], [6659792.0, 0.91834655], [6659793.0, 0.05831121], [6659999.0, 0.12], [6660000.0, 0.3], [6660519.0, 0.12], [6661038.0, 0.0077], [6661039.0, 0.12], [6661251.0, 0.02020876], [6661341.0, 0.01], [6661559.0, 0.12], [6661633.0, 0.0149868], [6662336.0, 0.2008], [6663037.0, 0.171], [6663365.0, 0.1], [6663749.0, 0.0001], [6663768.0, 0.0768], [6664568.0, 0.0505], [6664999.0, 0.0001], [6665927.0, 0.0495], [6666249.0, 0.0001], [6666352.0, 0.001], [6666666.0, 0.1], [6666989.0, 0.01], [6667094.0, 0.001], [6667342.0, 0.0014], [6667461.0, 0.001], [6667462.0, 0.00956405], [6667468.0, 0.003], [6667469.0, 0.48125338], [6667499.0, 0.0001], [6668749.0, 0.0001], [6669435.0, 0.02], [6669919.0, 0.07376894], [6669924.0, 0.00952758], [6669927.0, 0.00954427], [6669928.0, 0.00953796], [6669933.0, 0.00952719], [6669935.0, 0.00952922], [6669945.0, 0.1560848]], "bids": [[6656174.0, 0.003], [6655912.0, 0.0792], [6655865.0, 0.01637], [6655475.0, 0.12], [6655001.0, 0.0001], [6654955.0, 0.12], [6654835.0, 0.0033], [6654435.0, 0.12], [6654421.0, 0.0824], [6654298.0, 0.0655], [6654233.0, 0.051], [6654149.0, 0.001], [6653915.0, 0.12], [6653751.0, 0.0001], [6653396.0, 0.0133], [6653395.0, 0.12], [6653038.0, 0.0816], [6652875.0, 0.12], [6652749.0, 0.0495], [6652502.0, 0.1966], [6652501.0, 0.0001], [6651964.0, 0.005], [6651575.0, 0.0776], [6651508.0, 0.002], [6651251.0, 0.0001], [6651212.0, 0.0535], [6650252.0, 0.005], [6650251.0, 0.01], [6650001.0, 0.0001], [6649825.0, 0.6505], [6649559.0, 0.006], [6649172.0, 0.001], [6648832.0, 0.00049335], [6648751.0, 0.0001], [6647501.0, 0.0001], [6646565.0, 0.0025], [6646333.0, 0.001], [6646259.0, 0.001], [6646258.0, 0.00956405], [6646251.0, 0.0001]], "timestamp": 1618031027.0406842}
{"asks": [[6656621.0, 0.003], [6657074.0, 0.0025], [6657078.0, 0.0022], [6657079.0, 0.01], [6657597.0, 0.005], [6657720.0, 0.0784], [6657837.0, 0.0742], [6657916.0, 0.12], [6657959.0, 0.002], [6658437.0, 0.12], [6658854.0, 0.001], [6658855.0, 0.00956405], [6658889.0, 0.05670374], [6658958.0, 0.12], [6659387.0, 0.0784], [6659477.0, 0.005], [6659478.0, 0.12], [6659778.0, 0.0149868], [6659998.0, 0.12], [6660000.0, 0.3], [6660519.0, 0.12], [6660729.0, 0.051], [6660982.0, 0.0792], [6661038.0, 0.0077], [6661249.0, 0.0001], [6661251.0, 0.02020876], [6661341.0, 0.01], [6662336.0, 0.0808], [6662499.0, 0.0001], [6663037.0, 0.051], [6663365.0, 0.1], [6663749.0, 0.0001], [6664568.0, 0.0505], [6664999.0, 0.0001], [6665843.0, 0.001], [6665927.0, 0.0495], [6666075.0, 0.001], [6666249.0, 0.0001], [6666273.0, 0.01], [6666666.0, 0.1]], "bids": [[6652503.0, 0.04], [6652502.0, 0.1966], [6652501.0, 0.0001], [6652432.0, 0.002], [6652096.0, 0.12], [6651576.0, 0.0121], [6651575.0, 0.12], [6651251.0, 0.0001], [6651212.0, 0.0535], [6650641.0, 0.0742], [6650447.0, 0.001], [6650253.0, 0.12], [6650103.0, 0.0026], [6650001.0, 0.0001], [6649825.0, 0.6505], [6649559.0, 0.12], [6648832.0, 0.12049335], [6648765.0, 0.001], [6648763.0, 0.0416], [6648751.0, 0.0001], [6648298.0, 0.006], [6647927.0, 0.146], [6647804.0, 0.0424], [6647706.0, 0.0475], [6647506.0, 0.00958901], [6647501.0, 0.0001], [6647298.0, 0.01], [6646579.0, 0.001], [6646571.0, 0.00954427], [6646262.0, 0.00952922], [6646256.0, 0.001], [6646251.0, 0.0001], [6645715.0, 0.004], [6645714.0, 0.00956405], [6645707.0, 0.00952758], [6645510.0, 0.02], [6645001.0, 0.0001], [6644886.0, 0.0025], [6644731.0, 0.01], [6644355.0, 0.00441863]], "timestamp": 1618031032.0061667}
{"asks": [[6658595.0, 0.03], [6658600.0, 0.0177417], [6658727.0, 0.0176411], [6659164.0, 0.0066], [6659165.0, 0.12], [6659685.0, 0.01], [6659686.0, 0.12], [6659981.0, 0.0746], [6659992.0, 0.001], [6659993.0, 0.00956405], [6659999.0, 0.0001], [6660000.0, 0.3], [6660042.0, 0.002], [6660207.0, 0.12], [6660222.0, 0.0149868], [6660396.0, 0.0768], [6660619.0, 0.0515], [6660728.0, 0.12], [6661247.0, 0.005], [6661249.0, 0.1201], [6661251.0, 0.02020876], [6661341.0, 0.01], [6661421.0, 0.05670374], [6661883.0, 0.12], [6662011.0, 0.0505], [6662336.0, 0.0808], [6662499.0, 0.0001], [6663363.0, 0.005], [6663365.0, 0.1], [6663749.0, 0.0001], [6664568.0, 0.0505], [6664999.0, 0.0011], [6665087.0, 0.08], [6666249.0, 0.0001], [6666265.0, 0.001], [6666273.0, 0.013], [6666641.0, 0.00954427], [6666642.0, 0.0191162], [6666644.0, 0.00952922], [6666652.0, 0.00952758]], "bids": [[6654437.0, 0.34500083], [6654196.0, 0.0495], [6654180.0, 0.12], [6654112.0, 0.002], [6653660.0, 0.0033], [6653659.0, 0.12], [6653138.0, 0.12], [6652876.0, 0.0776], [6652809.0, 0.048], [6652617.0, 0.12], [6652527.0, 0.0745], [6652501.0, 0.0001], [6652106.0, 0.1966], [6652097.0, 0.0655], [6652096.0, 0.12], [6652018.0, 0.0026], [6651606.0, 0.001], [6651252.0, 0.2008], [6651251.0, 0.0001], [6651212.0, 0.0535], [6650001.0, 0.0001], [6649190.0, 0.001], [6648832.0, 0.00049335], [6648763.0, 0.0416], [6648751.0, 0.0001], [6648298.0, 0.006], [6647927.0, 0.026], [6647817.0, 0.0191162], [6647812.0, 0.001], [6647811.0, 0.00956405], [6647804.0, 0.0424], [6647744.0, 0.6505], [6647587.0, 0.001], [6647501.0, 0.0001], [6647298.0, 0.01], [6646251.0, 0.0001], [6645767.0, 0.01], [6645718.0, 0.00952758], [6645703.0, 0.001], [6645510.0, 0.02]], "timestamp": 1618031037.060959}
{"asks": [[6656249.0, 0.0001], [6659060.0, 0.0768], [6659670.0, 0.98974655], [6659671.0, 0.001], [6659678.0, 0.00956405], [6659686.0, 0.12], [6659998.0, 0.01], [6659999.0, 0.0001], [6660000.0, 0.3], [6660207.0, 0.12], [6660396.0, 0.0768], [6660622.0, 0.049], [6660728.0, 0.12], [6661249.0, 0.0001], [6661251.0, 0.14020876], [6661260.0, 0.05670374], [6661263.0, 0.003], [6661264.0, 0.0745], [6661341.0, 0.01], [6661771.0, 0.002], [6661825.0, 0.005], [6661826.0, 0.0149868], [6662011.0, 0.1705], [6662336.0, 0.0808], [6662499.0, 0.0001], [6662984.0, 0.12], [6663365.0, 0.1], [6663748.0, 0.005], [6663749.0, 0.0001], [6664117.0, 0.001], [6664568.0, 0.0505], [6664999.0, 0.0001], [6666249.0, 0.0001], [6666371.0, 0.001], [6666630.0, 0.001], [6666666.0, 0.1], [6666859.0, 0.01], [6667342.0, 0.0014], [6667499.0, 0.0001], [6667572.0, 0.02]], "bids": [[6654442.0, 0.032], [6654437.0, 0.24361359], [6654009.0, 0.05], [6653975.0, 0.0745], [6653941.0, 0.005], [6653660.0, 0.0066], [6653659.0, 0.12], [6653138.0, 0.12], [6652940.0, 0.001], [6652828.0, 0.0784], [6652617.0, 0.12], [6652551.0, 0.048], [6652501.0, 0.0001], [6652106.0, 0.1966], [6652097.0, 0.0655], [6652096.0, 0.12], [6651419.0, 0.0026], [6651252.0, 0.2008], [6651251.0, 0.0001], [6651212.0, 0.0535], [6650001.0, 0.1201], [6649353.0, 0.001], [6649140.0, 0.026], [6648902.0, 0.001], [6648832.0, 0.00049335], [6648763.0, 0.0416], [6648751.0, 0.0001], [6648298.0, 0.006], [6647932.0, 0.00952719], [6647833.0, 0.001], [6647828.0, 0.00952758], [6647825.0, 0.001], [6647823.0, 0.00954427], [6647822.0, 0.00958901], [6647820.0, 0.00952922], [6647804.0, 0.0424], [6647744.0, 0.6505], [6647501.0, 0.0001], [6647298.0, 0.01], [6646897.0, 0.0025]], "timestamp": 1618031042.0434735}
{"asks": [[6656123.0, 0.002], [6658642.0, 0.12], [6659029.0, 0.001], [6659030.0, 0.00956405], [6659036.0, 0.01], [6659037.0, 0.00952719], [6659038.0, 0.0022], [6659042.0, 0.00958901], [6659060.0, 0.0768], [6659149.0, 0.0485], [6659164.0, 0.12], [6659648.0, 0.001], [6659652.0, 0.00952758], [6659656.0, 0.00954427], [6659659.0, 0.00952922], [6659686.0, 0.12], [6659999.0, 0.0001], [6660000.0, 0.3], [6660207.0, 0.12], [6660261.0, 0.0149868], [6660396.0, 0.0768], [6660458.0, 0.0745], [6660622.0, 0.049], [6660727.0, 0.005], [6660728.0, 0.12], [6661249.0, 0.0001], [6661251.0, 0.14020876], [6661260.0, 0.05670374], [6661341.0, 0.01], [6661995.0, 0.001], [6662011.0, 0.0505], [6662336.0, 0.0808], [6662498.0, 0.005], [6662499.0, 0.0001], [6663060.0, 0.001], [6663365.0, 0.1], [6663749.0, 0.0001], [6664350.0, 0.002], [6664999.0, 0.0001], [6665126.0, 0.001]], "bids": [[6654998.0, 0.002], [6654957.0, 0.01], [6654443.0, 0.0011], [6654437.0, 0.24361359], [6654182.0, 0.12], [6653660.0, 0.12], [6653138.0, 0.12], [6652697.0, 0.0816], [6652617.0, 0.12], [6652501.0, 0.0001], [6652106.0, 0.1966], [6652097.0, 0.0655], [6652096.0, 0.12], [6652045.0, 0.001], [6651495.0, 0.0026], [6651252.0, 0.2008], [6651251.0, 0.0001], [6651212.0, 0.0535], [6650001.0, 0.0001], [6649134.0, 0.006], [6648832.0, 0.00049335], [6648763.0, 0.0416], [6648751.0, 0.0001], [6648610.0, 0.026], [6648244.0, 0.01], [6647974.0, 0.001], [6647855.0, 0.002], [6647854.0, 0.00956405], [6647847.0, 0.00954427], [6647846.0, 0.00952719], [6647841.0, 0.00958901], [6647839.0, 0.00952922], [6647824.0, 0.001], [6647804.0, 0.0424], [6647746.0, 0.0475], [6647745.0, 0.003], [6647744.0, 0.6505], [6647501.0, 0.0001], [6646251.0, 0.0001], [6645726.0, 0.001]], "timestamp": 1618031047.0023324}
{"asks": [[6653361.0, 0.003], [6655124.0, 0.0031], [6656081.0, 0.0824], [6656527.0, 0.0144], [6656788.0, 0.02], [6657050.0, 0.12], [6657591.0, 0.1968], [6657717.0, 0.03530936], [6657723.0, 0.00956405], [6657737.0, 0.001], [6657740.0, 0.00952719], [6657756.0, 0.0284], [6658050.0, 0.005], [6658051.0, 0.001], [6658120.0, 0.12], [6658622.0, 0.00954427], [6658625.0, 0.00952922], [6658940.0, 0.05614231], [6659051.0, 0.121], [6659060.0, 0.0768], [6659149.0, 0.0485], [6659282.0, 0.0149868], [6659648.0, 0.002], [6659685.0, 0.12], [6659989.0, 0.005], [6659999.0, 0.0001], [6660000.0, 0.3], [6660396.0, 0.1968], [6660622.0, 0.049], [6661249.0, 0.0001], [6661251.0, 0.02020876], [6661341.0, 0.01], [6661842.0, 0.001], [6662011.0, 0.0505], [6662499.0, 0.0001], [6662917.0, 0.02], [6663360.0, 0.00958901], [6663365.0, 0.1], [6663642.0, 0.001], [6663746.0, 0.00952758]], "bids": [[6652501.0, 0.0001], [6652106.0, 0.1966], [6652097.0, 0.0655], [6652086.0, 0.12], [6651860.0, 0.0022], [6651859.0, 0.0495], [6651564.0, 0.12], [6651251.0, 0.0001], [6651043.0, 0.12], [6650560.0, 0.002], [6650522.0, 0.12], [6650437.0, 0.051], [6650224.0, 0.0026], [6650001.0, 0.1201], [6649488.0, 0.08], [6649134.0, 0.126], [6649100.0, 0.048], [6648832.0, 0.00049335], [6648751.0, 0.0001], [6648252.0, 0.001], [6648244.0, 0.01], [6648107.0, 0.001], [6647804.0, 0.0424], [6647746.0, 0.0475], [6647744.0, 0.6505], [6647501.0, 0.0001], [6647352.0, 0.0025], [6646262.0, 0.01], [6646251.0, 0.0001], [6646231.0, 0.001], [6646066.0, 0.0776], [6645818.0, 0.001], [6645729.0, 0.00952758], [6645510.0, 0.02], [6645317.0, 0.003], [6645001.0, 0.0001], [6644888.0, 0.00956405], [6644424.0, 0.026], [6644361.0, 0.00954427], [6644358.0, 0.00952922]], "timestamp": 1618031052.0030882}
{"asks": [[6654843.0, 0.003], [6654999.0, 0.0001], [6655922.0, 0.005], [6657103.0, 0.0176411], [6657109.0, 0.03640996], [6657115.0, 0.0776], [6657263.0, 0.12], [6657534.0, 0.002], [6657649.0, 0.051], [6657784.0, 0.0022], [6657785.0, 0.12], [6658307.0, 0.12], [6658636.0, 0.05614231], [6658689.0, 0.02], [6658725.0, 0.00958901], [6658745.0, 0.088], [6658829.0, 0.12], [6658933.0, 0.01], [6658935.0, 0.00952758], [6659196.0, 0.051], [6659352.0, 0.12], [6659874.0, 0.12], [6659999.0, 0.0001], [6660000.0, 0.3], [6660396.0, 0.0768], [6660622.0, 0.049], [6661249.0, 0.0001], [6661251.0, 0.02020876], [6661341.0, 0.01], [6661954.0, 0.0149868], [6662011.0, 0.0505], [6662140.0, 0.001], [6662499.0, 0.0001], [6662930.0, 0.001], [6663365.0, 0.1], [6663719.0, 0.49962964], [6663749.0, 0.0001], [6664953.0, 0.001], [6664999.0, 0.0001], [6665588.0, 0.00954427]], "bids": [[6653441.0, 0.00464373], [6652501.0, 0.0001], [6652111.0, 0.03], [6652107.0, 0.0392], [6652106.0, 0.1966], [6652097.0, 0.0655], [6652086.0, 0.12], [6651776.0, 0.0031], [6651564.0, 0.12], [6651251.0, 0.0001], [6651043.0, 0.12], [6650851.0, 0.002], [6650522.0, 0.12], [6650437.0, 0.051], [6650002.0, 0.005], [6650001.0, 0.0001], [6649660.0, 0.13], [6649488.0, 0.08], [6649404.0, 0.001], [6649100.0, 0.168], [6648832.0, 0.00049335], [6648784.0, 0.0025], [6648751.0, 0.0001], [6647820.0, 0.005], [6647819.0, 0.001], [6647811.0, 0.00956405], [6647804.0, 0.0424], [6647744.0, 0.6505], [6647501.0, 0.0001], [6647449.0, 0.006], [6646388.0, 0.003], [6646387.0, 0.0384], [6646251.0, 0.0001], [6645636.0, 0.001], [6645515.0, 0.00958901], [6645510.0, 0.02], [6645109.0, 0.001], [6645004.0, 0.00952758], [6645001.0, 0.0001], [6644436.0, 0.00954427]], "timestamp": 1618031057.0268588}
{"asks": [[6658261.0, 0.98974655], [6658262.0, 0.02], [6658722.0, 0.0033], [6658830.0, 0.12], [6659260.0, 0.05], [6659352.0, 0.12], [6659710.0, 0.002], [6659998.0, 0.12], [6659999.0, 0.0001], [6660000.0, 0.3], [6660396.0, 0.0768], [6660622.0, 0.169], [6661156.0, 0.05614231], [6661249.0, 0.1201], [6661251.0, 0.02020876], [6661341.0, 0.01], [6661519.0, 0.0149868], [6661815.0, 0.001], [6661954.0, 0.12], [6662128.0, 0.0848], [6662499.0, 0.0001], [6663184.0, 0.001], [6663321.0, 0.001], [6663342.0, 0.00952719], [6663350.0, 0.00958901], [6663365.0, 0.1], [6663749.0, 0.0001], [6664077.0, 0.052], [6664999.0, 0.0001], [6666003.0, 0.02], [6666195.0, 0.00954427], [6666214.0, 0.07276894], [6666249.0, 0.0001], [6666461.0, 0.01], [6666666.0, 0.1], [6667264.0, 0.00956405], [6667271.0, 0.001], [6667273.0, 0.00952758], [6667276.0, 0.00952922], [6667342.0, 0.0014]], "bids": [[6654126.0, 0.01], [6653991.0, 0.01], [6653990.0, 0.0031], [6653422.0, 0.0022], [6653421.0, 0.05405106], [6653415.0, 0.0784], [6653212.0, 0.002], [6653130.0, 0.12], [6652714.0, 0.005], [6652713.0, 0.0515], [6652608.0, 0.12], [6652106.0, 0.1966], [6652097.0, 0.0655], [6652086.0, 0.12], [6651866.0, 0.001], [6651564.0, 0.12], [6651313.0, 0.0026], [6651251.0, 0.0001], [6651174.0, 0.048], [6651133.0, 0.0768], [6651044.0, 0.005], [6651043.0, 0.12], [6650522.0, 0.12], [6650001.0, 0.0001], [6649488.0, 0.08], [6649476.0, 0.001], [6649100.0, 0.048], [6648832.0, 0.00049335], [6648751.0, 0.0001], [6648052.0, 0.026], [6647859.0, 0.001], [6647851.0, 0.00956405], [6647844.0, 0.01052758], [6647841.0, 0.00952719], [6647839.0, 0.00954427], [6647836.0, 0.00952922], [6647833.0, 0.00958901], [6647804.0, 0.0424], [6647744.0, 0.6505], [6647506.0, 0.001]], "timestamp": 1618031062.0003328}
{"asks": [[6653749.0, 0.0001], [6657216.0, 0.02], [6657608.0, 0.0022], [6657609.0, 0.0824], [6658827.0, 0.01], [6658830.0, 0.12], [6659000.0, 0.0776], [6659260.0, 0.05], [6659352.0, 0.12], [6659494.0, 0.0149868], [6659998.0, 0.12], [6659999.0, 0.0001], [6660000.0, 0.3], [6660217.0, 0.002], [6660396.0, 0.0768], [6660620.0, 0.005], [6660622.0, 0.169], [6661156.0, 0.17614231], [6661249.0, 0.0001], [6661251.0, 0.02020876], [6661341.0, 0.01], [6661855.0, 0.12], [6662128.0, 0.0848], [6662497.0, 0.005], [6662499.0, 0.0001], [6663365.0, 0.1], [6663749.0, 0.0001], [6664077.0, 0.052], [6664686.0, 0.001], [6664999.0, 0.0001], [6665027.0, 0.001], [6665236.0, 0.01], [6665942.0, 0.001], [6665950.0, 0.00956405], [6665957.0, 0.00959091], [6665960.0, 0.001], [6665962.0, 0.00954427], [6665963.0, 0.00952719], [6665965.0, 0.00952922], [6665968.0, 0.00958901]], "bids": [[6653259.0, 0.05300083], [6653253.0, 0.0256411], [6653130.0, 0.12], [6652690.0, 0.0099], [6652608.0, 0.12], [6652106.0, 0.1966], [6652097.0, 0.0655], [6652086.0, 0.12], [6651564.0, 0.12], [6651288.0, 0.001], [6651251.0, 0.0001], [6651174.0, 0.048], [6651043.0, 0.12], [6650979.0, 0.0031], [6650522.0, 0.12], [6650213.0, 0.0026], [6650001.0, 0.0001], [6649488.0, 0.08], [6649476.0, 0.001], [6649100.0, 0.048], [6648832.0, 0.00049335], [6648751.0, 0.0001], [6648735.0, 0.01], [6648086.0, 0.001], [6648052.0, 0.026], [6647882.0, 0.001], [6647874.0, 0.00956405], [6647867.0, 0.01059091], [6647864.0, 0.00952719], [6647862.0, 0.00954427], [6647859.0, 0.00952922], [6647856.0, 0.00958901], [6647804.0, 0.0424], [6647744.0, 0.6505], [6647501.0, 0.0001], [6647385.0, 0.0025], [6647272.0, 0.02], [6647259.0, 0.006], [6646832.0, 0.001], [6646387.0, 0.0384]], "timestamp": 1618031067.015699}
{"asks": [[6657826.0, 0.00956405], [6657833.0, 0.0011], [6657834.0, 0.0505], [6658306.0, 0.01], [6658308.0, 0.12], [6658542.0, 0.002], [6658830.0, 0.12], [6659000.0, 0.0776], [6659139.0, 0.0791], [6659236.0, 0.0149868], [6659260.0, 0.05], [6659352.0, 0.12], [6659897.0, 0.005], [6659998.0, 0.12], [6659999.0, 0.0001], [6660000.0, 0.3], [6660396.0, 0.0768], [6660560.0, 0.001], [6660622.0, 0.169], [6661156.0, 0.17614231], [6661249.0, 0.0001], [6661251.0, 0.02020876], [6661341.0, 0.01], [6661670.0, 0.001], [6662498.0, 0.005], [6662499.0, 0.0001], [6663365.0, 0.1], [6663749.0, 0.0001], [6664077.0, 0.052], [6664117.0, 0.001], [6664232.0, 0.001], [6664257.0, 0.01], [6664999.0, 0.0001], [6665915.0, 0.001], [6665917.0, 0.00954427], [6665923.0, 0.001], [6665926.0, 0.00958901], [6665931.0, 0.00959091], [6666184.0, 0.46435221], [6666214.0, 0.07276894]], "bids": [[6653310.0, 0.0176411], [6653293.0, 0.0066], [6653292.0, 0.0791], [6653130.0, 0.12], [6652971.0, 0.0768], [6652608.0, 0.12], [6652347.0, 0.119], [6652106.0, 0.1966], [6652097.0, 0.0655], [6652086.0, 0.12], [6652065.0, 0.0031], [6651564.0, 0.12], [6651251.0, 0.0001], [6651174.0, 0.048], [6651043.0, 0.12], [6650613.0, 0.001], [6650522.0, 0.12], [6650031.0, 0.0026], [6650001.0, 0.0001], [6649565.0, 0.002], [6649488.0, 0.08], [6649100.0, 0.048], [6648832.0, 0.00049335], [6648751.0, 0.0001], [6648052.0, 0.026], [6647913.0, 0.001], [6647908.0, 0.00954427], [6647905.0, 0.001], [6647902.0, 0.00958901], [6647897.0, 0.00956405], [6647890.0, 0.00959091], [6647804.0, 0.0424], [6647744.0, 0.6505], [6647501.0, 0.0001], [6647259.0, 0.006], [6647172.0, 0.001], [6646800.0, 0.001], [6646387.0, 0.0384], [6646342.0, 0.0025], [6646259.0, 0.01]], "timestamp": 1618031072.035694}
{"asks": [[6652537.0, 0.003], [6652585.0, 0.0199], [6652640.0, 0.02411483], [6654523.0, 0.0033], [6654924.0, 0.01766826], [6654929.0, 0.01], [6654930.0, 0.048], [6655176.0, 0.12], [6655188.0, 0.00956405], [6655195.0, 0.98874655], [6655196.0, 0.01], [6655349.0, 0.001], [6655535.0, 0.001], [6655697.0, 0.0149], [6655698.0, 0.12], [6655728.0, 0.0784], [6655842.0, 0.002], [6656220.0, 0.12], [6656462.0, 0.051], [6656742.0, 0.12], [6657253.0, 0.00954427], [6657254.0, 0.00952719], [6657256.0, 0.00952922], [6657259.0, 0.00958901], [6657264.0, 0.12], [6657357.0, 0.001], [6657409.0, 0.05614231], [6657644.0, 0.005], [6657645.0, 0.0776], [6657786.0, 0.12], [6657834.0, 0.0505], [6658315.0, 0.0149868], [6659000.0, 0.0776], [6659260.0, 0.05], [6659727.0, 0.001], [6659999.0, 0.0001], [6660396.0, 0.0768], [6661249.0, 0.0001], [6661251.0, 0.02020876], [6661341.0, 0.01]], "bids": [[6652106.0, 0.1788], [6652097.0, 0.0655], [6651711.0, 0.02], [6651251.0, 0.0001], [6651096.0, 0.0031], [6650523.0, 0.0099], [6650522.0, 0.12], [6650001.0, 0.0001], [6649875.0, 0.12], [6649496.0, 0.001], [6649488.0, 0.08], [6649100.0, 0.12], [6648832.0, 0.00049335], [6648751.0, 0.0001], [6648494.0, 0.12], [6648071.0, 0.049], [6648060.0, 0.001], [6647940.0, 0.00956405], [6647933.0, 0.121], [6647931.0, 0.00954427], [6647925.0, 0.00958901], [6647809.0, 0.00952719], [6647804.0, 0.0424], [6647744.0, 0.6505], [6647549.0, 0.002], [6647501.0, 0.0001], [6647259.0, 0.126], [6647133.0, 0.01], [6646654.0, 0.05], [6646387.0, 0.0384], [6646251.0, 0.0001], [6645706.0, 0.0025], [6645513.0, 0.00952922], [6645510.0, 0.02], [6645410.0, 0.001], [6645066.0, 0.001], [6645001.0, 0.0001], [6644978.0, 0.026], [6644887.0, 0.01], [6644771.0, 0.0485]], "timestamp": 1618031077.0372162}
{"asks": [[6653694.0, 0.01], [6653695.0, 0.002], [6653761.0, 0.001], [6654667.0, 0.0022], [6655176.0, 0.12], [6655696.0, 0.005], [6655698.0, 0.12], [6655728.0, 0.0784], [6656220.0, 0.12], [6656462.0, 0.051], [6656742.0, 0.12], [6656843.0, 0.0149868], [6656989.0, 0.001], [6657264.0, 0.12], [6657407.0, 0.005], [6657409.0, 0.05614231], [6657478.0, 0.001], [6657645.0, 0.0776], [6657786.0, 0.12], [6657834.0, 0.0505], [6659000.0, 0.0776], [6659112.0, 0.001], [6659260.0, 0.05], [6659664.0, 0.001], [6659999.0, 0.0001], [6660396.0, 0.0768], [6660659.0, 0.02], [6661249.0, 0.0001], [6661251.0, 0.02020876], [6661341.0, 0.01], [6661883.0, 0.01], [6662114.0, 0.001], [6662116.0, 0.00954427], [6662122.0, 0.00958901], [6662458.0, 0.001], [6662466.0, 0.00959091], [6662469.0, 0.49876704], [6662487.0, 0.00956405], [6662494.0, 0.00952719], [6662496.0, 0.00952922]], "bids": [[6650001.0, 0.0001], [6649881.0, 0.0176411], [6649876.0, 0.0033], [6649875.0, 0.12], [6649488.0, 0.08], [6649423.0, 0.051], [6649299.0, 0.0031], [6649138.0, 0.0794], [6649100.0, 0.1855], [6648832.0, 0.00049335], [6648751.0, 0.0001], [6648494.0, 0.12], [6648079.0, 0.001], [6648071.0, 0.049], [6647933.0, 0.7705], [6647804.0, 0.0424], [6647501.0, 0.0001], [6647492.0, 0.1966], [6647259.0, 0.12], [6647047.0, 0.001], [6646654.0, 0.17], [6646387.0, 0.0384], [6646251.0, 0.0001], [6646130.0, 0.002], [6645896.0, 0.0026], [6645510.0, 0.02], [6645001.0, 0.0001], [6644978.0, 0.026], [6644771.0, 0.0485], [6644355.0, 0.00441863], [6644005.0, 0.0025], [6644001.0, 0.006], [6643751.0, 0.0001], [6643638.0, 0.1], [6643001.0, 0.01], [6642824.0, 0.01895636], [6642809.0, 0.01], [6642596.0, 0.00959091], [6642592.0, 0.00956405], [6642585.0, 0.001]], "timestamp": 1618031082.072}
