{"created_at": 1618034400, "id": 418090988, "price": 6648196.0, "quantity": 0.016, "taker_side": "sell", "timestamp": "1618034400.263368"}
{"created_at": 1618034401, "id": 418090989, "price": 6648204.0, "quantity": 0.016, "taker_side": "sell", "timestamp": "1618034401.124244"}
{"created_at": 1618034401, "id": 418090990, "price": 6648196.0, "quantity": 0.9839, "taker_side": "sell", "timestamp": "1618034401.124307"}
{"created_at": 1618034401, "id": 418090993, "price": 6648790.0, "quantity": 0.004, "taker_side": "buy", "timestamp": "1618034401.464009"}
{"created_at": 1618034401, "id": 418090994, "price": 6648893.0, "quantity": 0.05635096, "taker_side": "buy", "timestamp": "1618034401.464121"}
{"created_at": 1618034401, "id": 418090996, "price": 6649116.0, "quantity": 0.1632, "taker_side": "buy", "timestamp": "1618034401.4643378"}
{"created_at": 1618034401, "id": 418090995, "price": 6648945.0, "quantity": 0.0044, "taker_side": "buy", "timestamp": "1618034401.464229"}
{"created_at": 1618034401, "id": 418090997, "price": 6649138.0, "quantity": 0.0366, "taker_side": "buy", "timestamp": "1618034401.4644742"}
{"created_at": 1618034401, "id": 418090998, "price": 6649580.0, "quantity": 0.01, "taker_side": "buy", "timestamp": "1618034401.528436"}
{"created_at": 1618034401, "id": 418090999, "price": 6649580.0, "quantity": 0.0002, "taker_side": "buy", "timestamp": "1618034401.5325062"}
{"created_at": 1618034402, "id": 418091004, "price": 6649999.0, "quantity": 0.0002, "taker_side": "buy", "timestamp": "1618034402.703915"}
{"created_at": 1618034402, "id": 418091005, "price": 6650000.0, "quantity": 0.002, "taker_side": "buy", "timestamp": "1618034402.704036"}
{"created_at": 1618034402, "id": 418091006, "price": 6650286.0, "quantity": 0.002, "taker_side": "buy", "timestamp": "1618034402.7041411"}
{"created_at": 1618034402, "id": 418091007, "price": 6650294.0, "quantity": 0.0194165, "taker_side": "buy", "timestamp": "1618034402.7042491"}
{"created_at": 1618034402, "id": 418091008, "price": 6651249.0, "quantity": 0.0002, "taker_side": "buy", "timestamp": "1618034402.782607"}
{"created_at": 1618034402, "id": 418091010, "price": 6651736.0, "quantity": 0.02950314, "taker_side": "buy", "timestamp": "1618034402.782839"}
{"created_at": 1618034402, "id": 418091009, "price": 6651735.0, "quantity": 0.0506, "taker_side": "buy", "timestamp": "1618034402.782718"}
{"created_at": 1618034402, "id": 418091011, "price": 6651738.0, "quantity": 0.004, "taker_side": "buy", "timestamp": "1618034402.7829802"}
{"created_at": 1618034402, "id": 418091013, "price": 6652499.0, "quantity": 0.0002, "taker_side": "buy", "timestamp": "1618034402.80197"}
{"created_at": 1618034402, "id": 418091012, "price": 6652410.0, "quantity": 0.0976, "taker_side": "buy", "timestamp": "1618034402.801854"}
{"created_at": 1618034403, "id": 418091018, "price": 6652220.0, "quantity": 0.004, "taker_side": "sell", "timestamp": "1618034403.0156102"}
{"created_at": 1618034404, "id": 418091026, "price": 6653679.0, "quantity": 0.2974, "taker_side": "buy", "timestamp": "1618034404.8510778"}
{"created_at": 1618034405, "id": 418091028, "price": 6653679.0, "quantity": 0.001, "taker_side": "buy", "timestamp": "1618034405.0375192"}
{"created_at": 1618034405, "id": 418091029, "price": 6653679.0, "quantity": 0.23656286, "taker_side": "buy", "timestamp": "1618034405.281303"}
{"created_at": 1618034405, "id": 418091030, "price": 6653679.0, "quantity": 0.38977746, "taker_side": "buy", "timestamp": "1618034405.291022"}
{"created_at": 1618034405, "id": 418091031, "price": 6653749.0, "quantity": 0.0002, "taker_side": "buy", "timestamp": "1618034405.291133"}
{"created_at": 1618034405, "id": 418091032, "price": 6654076.0, "quantity": 0.09875006, "taker_side": "buy", "timestamp": "1618034405.3524978"}
{"created_at": 1618034406, "id": 418091033, "price": 6653860.0, "quantity": 0.004, "taker_side": "sell", "timestamp": "1618034406.3291829"}
{"created_at": 1618034406, "id": 418091034, "price": 6653487.0, "quantity": 0.0068, "taker_side": "sell", "timestamp": "1618034406.329262"}
{"created_at": 1618034406, "id": 418091035, "price": 6652775.0, "quantity": 0.002, "taker_side": "sell", "timestamp": "1618034406.3293161"}
{"created_at": 1618034406, "id": 418091036, "price": 6652769.0, "quantity": 0.027196, "taker_side": "sell", "timestamp": "1618034406.329375"}
{"created_at": 1618034408, "id": 418091042, "price": 6653588.0, "quantity": 0.0601407, "taker_side": "sell", "timestamp": "1618034408.866566"}
{"created_at": 1618034410, "id": 418091043, "price": 6653722.0, "quantity": 0.02, "taker_side": "sell", "timestamp": "1618034410.802944"}
{"created_at": 1618034411, "id": 418091048, "price": 6654999.0, "quantity": 0.0002, "taker_side": "buy", "timestamp": "1618034411.041429"}
{"created_at": 1618034411, "id": 418091050, "price": 6656249.0, "quantity": 0.0002, "taker_side": "buy", "timestamp": "1618034411.041506"}
{"created_at": 1618034411, "id": 418091051, "price": 6656903.0, "quantity": 0.04938416, "taker_side": "buy", "timestamp": "1618034411.041549"}
{"created_at": 1618034411, "id": 418091053, "price": 6656902.0, "quantity": 0.01, "taker_side": "buy", "timestamp": "1618034411.334972"}
{"created_at": 1618034411, "id": 418091057, "price": 6656113.0, "quantity": 0.014, "taker_side": "sell", "timestamp": "1618034411.669434"}
{"created_at": 1618034411, "id": 418091059, "price": 6656903.0, "quantity": 0.02, "taker_side": "buy", "timestamp": "1618034411.757068"}
{"created_at": 1618034412, "id": 418091060, "price": 6657046.0, "quantity": 0.02, "taker_side": "buy", "timestamp": "1618034412.000486"}
{"created_at": 1618034413, "id": 418091066, "price": 6657499.0, "quantity": 0.0002, "taker_side": "buy", "timestamp": "1618034413.0820422"}
{"created_at": 1618034413, "id": 418091067, "price": 6658095.0, "quantity": 0.01845262, "taker_side": "buy", "timestamp": "1618034413.082164"}
{"created_at": 1618034413, "id": 418091070, "price": 6658478.0, "quantity": 0.03135672, "taker_side": "sell", "timestamp": "1618034413.793725"}
{"created_at": 1618034414, "id": 418091072, "price": 6657042.0, "quantity": 0.035912, "taker_side": "sell", "timestamp": "1618034414.084086"}
{"created_at": 1618034414, "id": 418091074, "price": 6656125.0, "quantity": 0.002, "taker_side": "sell", "timestamp": "1618034414.084399"}
{"created_at": 1618034414, "id": 418091073, "price": 6656126.0, "quantity": 0.0198, "taker_side": "sell", "timestamp": "1618034414.084246"}
{"created_at": 1618034414, "id": 418091075, "price": 6656125.0, "quantity": 0.03595648, "taker_side": "sell", "timestamp": "1618034414.084556"}
{"created_at": 1618034414, "id": 418091076, "price": 6656120.0, "quantity": 0.08, "taker_side": "sell", "timestamp": "1618034414.084685"}
{"created_at": 1618034414, "id": 418091077, "price": 6655799.0, "quantity": 0.06011916, "taker_side": "sell", "timestamp": "1618034414.0848022"}
{"created_at": 1618034414, "id": 418091078, "price": 6657585.0, "quantity": 0.0183, "taker_side": "sell", "timestamp": "1618034414.09021"}
{"created_at": 1618034414, "id": 418091079, "price": 6655626.0, "quantity": 0.004, "taker_side": "sell", "timestamp": "1618034414.09702"}
{"created_at": 1618034416, "id": 418091087, "price": 6655320.0, "quantity": 0.00185542, "taker_side": "buy", "timestamp": "1618034416.371063"}
{"created_at": 1618034419, "id": 418091093, "price": 6653751.0, "quantity": 0.0002, "taker_side": "sell", "timestamp": "1618034419.626766"}
{"created_at": 1618034419, "id": 418091094, "price": 6653491.0, "quantity": 0.0198, "taker_side": "sell", "timestamp": "1618034419.62683"}
{"created_at": 1618034421, "id": 418091096, "price": 6655001.0, "quantity": 0.0002, "taker_side": "sell", "timestamp": "1618034421.711168"}
{"created_at": 1618034421, "id": 418091098, "price": 6652501.0, "quantity": 0.0002, "taker_side": "sell", "timestamp": "1618034421.7113018"}
{"created_at": 1618034421, "id": 418091099, "price": 6652273.0, "quantity": 0.002, "taker_side": "sell", "timestamp": "1618034421.7113569"}
{"created_at": 1618034421, "id": 418091097, "price": 6653491.0, "quantity": 0.01617246, "taker_side": "sell", "timestamp": "1618034421.7112472"}
{"created_at": 1618034421, "id": 418091100, "price": 6652273.0, "quantity": 0.00142754, "taker_side": "sell", "timestamp": "1618034421.7114081"}
{"created_at": 1618034421, "id": 418091102, "price": 6655279.0, "quantity": 0.0002, "taker_side": "buy", "timestamp": "1618034421.824564"}
{"created_at": 1618034423, "id": 418091104, "price": 6654709.0, "quantity": 0.002, "taker_side": "buy", "timestamp": "1618034423.1177442"}
{"created_at": 1618034429, "id": 418091127, "price": 6654829.0, "quantity": 0.02, "taker_side": "sell", "timestamp": "1618034429.132503"}
{"created_at": 1618034429, "id": 418091128, "price": 6653758.0, "quantity": 0.012804, "taker_side": "sell", "timestamp": "1618034429.132566"}
{"created_at": 1618034429, "id": 418091132, "price": 6655000.0, "quantity": 0.006, "taker_side": "buy", "timestamp": "1618034429.693419"}
{"created_at": 1618034429, "id": 418091133, "price": 6656249.0, "quantity": 0.0002, "taker_side": "buy", "timestamp": "1618034429.693534"}
{"created_at": 1618034429, "id": 418091134, "price": 6656558.0, "quantity": 0.1838, "taker_side": "buy", "timestamp": "1618034429.693655"}
{"created_at": 1618034430, "id": 418091141, "price": 6656021.0, "quantity": 0.0002, "taker_side": "sell", "timestamp": "1618034430.208668"}
{"created_at": 1618034431, "id": 418091142, "price": 6656160.0, "quantity": 0.0002, "taker_side": "sell", "timestamp": "1618034431.351399"}
{"created_at": 1618034432, "id": 418091143, "price": 6657499.0, "quantity": 0.0002, "taker_side": "buy", "timestamp": "1618034432.0201988"}
{"created_at": 1618034432, "id": 418091144, "price": 6657829.0, "quantity": 0.0018, "taker_side": "buy", "timestamp": "1618034432.020264"}
{"created_at": 1618034433, "id": 418091145, "price": 6655491.0, "quantity": 0.006, "taker_side": "sell", "timestamp": "1618034433.497159"}
{"created_at": 1618034433, "id": 418091146, "price": 6655237.0, "quantity": 0.014, "taker_side": "sell", "timestamp": "1618034433.497222"}
{"created_at": 1618034435, "id": 418091147, "price": 6655248.0, "quantity": 0.03597246, "taker_side": "sell", "timestamp": "1618034435.910261"}
{"created_at": 1618034435, "id": 418091148, "price": 6654412.0, "quantity": 0.00402754, "taker_side": "sell", "timestamp": "1618034435.9103239"}
{"created_at": 1618034436, "id": 418091150, "price": 6654413.0, "quantity": 0.04, "taker_side": "sell", "timestamp": "1618034436.075892"}
{"created_at": 1618034439, "id": 418091158, "price": 6658310.0, "quantity": 0.00867088, "taker_side": "buy", "timestamp": "1618034439.218327"}
{"created_at": 1618034439, "id": 418091157, "price": 6658306.0, "quantity": 0.006, "taker_side": "buy", "timestamp": "1618034439.2182589"}
{"created_at": 1618034448, "id": 418091165, "price": 6656051.0, "quantity": 0.0098, "taker_side": "sell", "timestamp": "1618034448.702166"}
{"created_at": 1618034448, "id": 418091164, "price": 6656251.0, "quantity": 0.0002, "taker_side": "sell", "timestamp": "1618034448.702085"}
{"created_at": 1618034450, "id": 418091168, "price": 6656000.0, "quantity": 0.03058858, "taker_side": "sell", "timestamp": "1618034450.934009"}
{"created_at": 1618034455, "id": 418091169, "price": 6657584.0, "quantity": 0.004, "taker_side": "buy", "timestamp": "1618034455.904036"}
{"created_at": 1618034455, "id": 418091170, "price": 6658194.0, "quantity": 0.0048, "taker_side": "buy", "timestamp": "1618034455.904147"}
{"created_at": 1618034455, "id": 418091171, "price": 6658379.0, "quantity": 0.002, "taker_side": "buy", "timestamp": "1618034455.9042509"}
{"created_at": 1618034455, "id": 418091172, "price": 6658427.0, "quantity": 0.0202, "taker_side": "buy", "timestamp": "1618034455.9044008"}
{"created_at": 1618034455, "id": 418091173, "price": 6658674.0, "quantity": 0.06, "taker_side": "buy", "timestamp": "1618034455.958976"}
{"created_at": 1618034455, "id": 418091174, "price": 6658749.0, "quantity": 0.0002, "taker_side": "buy", "timestamp": "1618034455.9590888"}
{"created_at": 1618034456, "id": 418091178, "price": 6659017.0, "quantity": 0.0198, "taker_side": "sell", "timestamp": "1618034456.126312"}
{"created_at": 1618034456, "id": 418091179, "price": 6658603.0, "quantity": 0.00779064, "taker_side": "sell", "timestamp": "1618034456.126462"}
{"created_at": 1618034456, "id": 418091182, "price": 6658514.0, "quantity": 0.03240936, "taker_side": "buy", "timestamp": "1618034456.263576"}
{"created_at": 1618034456, "id": 418091183, "price": 6659258.0, "quantity": 0.006, "taker_side": "buy", "timestamp": "1618034456.3002539"}
{"created_at": 1618034456, "id": 418091184, "price": 6659261.0, "quantity": 0.004, "taker_side": "buy", "timestamp": "1618034456.300322"}
{"created_at": 1618034457, "id": 418091189, "price": 6658378.0, "quantity": 0.0002, "taker_side": "sell", "timestamp": "1618034457.4294431"}
{"created_at": 1618034457, "id": 418091190, "price": 6659972.0, "quantity": 0.0006, "taker_side": "buy", "timestamp": "1618034457.725524"}
{"created_at": 1618034457, "id": 418091191, "price": 6659972.0, "quantity": 0.00356688, "taker_side": "buy", "timestamp": "1618034457.849588"}
{"created_at": 1618034457, "id": 418091192, "price": 6659999.0, "quantity": 0.0002, "taker_side": "buy", "timestamp": "1618034457.849658"}
{"created_at": 1618034457, "id": 418091193, "price": 6660735.0, "quantity": 0.03623312, "taker_side": "buy", "timestamp": "1618034457.84974"}
{"created_at": 1618034458, "id": 418091194, "price": 6659391.0, "quantity": 0.0165, "taker_side": "sell", "timestamp": "1618034458.300978"}
{"created_at": 1618034458, "id": 418091195, "price": 6658503.0, "quantity": 0.01108788, "taker_side": "sell", "timestamp": "1618034458.301064"}
{"created_at": 1618034458, "id": 418091200, "price": 6660575.0, "quantity": 0.0146655, "taker_side": "buy", "timestamp": "1618034458.696437"}
{"created_at": 1618034460, "id": 418091202, "price": 6660000.0, "quantity": 0.002, "taker_side": "buy", "timestamp": "1618034460.1999848"}
{"created_at": 1618034460, "id": 418091203, "price": 6660575.0, "quantity": 0.0053345, "taker_side": "buy", "timestamp": "1618034460.200045"}
{"created_at": 1618034460, "id": 418091204, "price": 6661249.0, "quantity": 0.0002, "taker_side": "buy", "timestamp": "1618034460.200098"}
{"created_at": 1618034460, "id": 418091205, "price": 6661249.0, "quantity": 0.0754655, "taker_side": "buy", "timestamp": "1618034460.200161"}
{"created_at": 1618034463, "id": 418091209, "price": 6660519.0, "quantity": 0.01630112, "taker_side": "sell", "timestamp": "1618034463.414745"}
{"created_at": 1618034467, "id": 418091212, "price": 6660520.0, "quantity": 0.02, "taker_side": "sell", "timestamp": "1618034467.03353"}
{"created_at": 1618034468, "id": 418091218, "price": 6662496.0, "quantity": 0.008, "taker_side": "buy", "timestamp": "1618034468.767779"}
{"created_at": 1618034468, "id": 418091219, "price": 6662496.0, "quantity": 0.00664326, "taker_side": "buy", "timestamp": "1618034468.767843"}
{"created_at": 1618034470, "id": 418091220, "price": 6661665.0, "quantity": 0.04, "taker_side": "sell", "timestamp": "1618034470.7494988"}
{"created_at": 1618034470, "id": 418091223, "price": 6660567.0, "quantity": 0.03592246, "taker_side": "sell", "timestamp": "1618034470.8527098"}
{"created_at": 1618034470, "id": 418091224, "price": 6660567.0, "quantity": 0.03595648, "taker_side": "sell", "timestamp": "1618034470.852831"}
{"created_at": 1618034472, "id": 418091228, "price": 6660086.0, "quantity": 0.0225, "taker_side": "sell", "timestamp": "1618034472.633813"}
{"created_at": 1618034473, "id": 418091230, "price": 6662139.0, "quantity": 0.004, "taker_side": "buy", "timestamp": "1618034473.725518"}
{"created_at": 1618034473, "id": 418091232, "price": 6662569.0, "quantity": 0.01, "taker_side": "buy", "timestamp": "1618034473.725633"}
{"created_at": 1618034473, "id": 418091231, "price": 6662499.0, "quantity": 0.0002, "taker_side": "buy", "timestamp": "1618034473.725579"}
{"created_at": 1618034473, "id": 418091233, "price": 6662663.0, "quantity": 0.0258, "taker_side": "buy", "timestamp": "1618034473.725686"}
{"created_at": 1618034474, "id": 418091234, "price": 6660086.0, "quantity": 0.04318252, "taker_side": "sell", "timestamp": "1618034474.067873"}
{"created_at": 1618034475, "id": 418091236, "price": 6661000.0, "quantity": 0.019998, "taker_side": "sell", "timestamp": "1618034475.455465"}
{"created_at": 1618034475, "id": 418091237, "price": 6661000.0, "quantity": 0.0002, "taker_side": "sell", "timestamp": "1618034475.5241401"}
{"created_at": 1618034476, "id": 418091238, "price": 6661012.0, "quantity": 0.0006, "taker_side": "sell", "timestamp": "1618034476.4967859"}
{"created_at": 1618034477, "id": 418091239, "price": 6661012.0, "quantity": 0.006, "taker_side": "sell", "timestamp": "1618034477.212656"}
{"created_at": 1618034477, "id": 418091240, "price": 6661000.0, "quantity": 0.03379802, "taker_side": "sell", "timestamp": "1618034477.2127411"}
{"created_at": 1618034478, "id": 418091248, "price": 6661056.0, "quantity": 0.0002, "taker_side": "buy", "timestamp": "1618034478.416834"}
{"created_at": 1618034480, "id": 418091249, "price": 6661000.0, "quantity": 0.00600398, "taker_side": "sell", "timestamp": "1618034480.105824"}
{"created_at": 1618034480, "id": 418091250, "price": 6660001.0, "quantity": 0.0002, "taker_side": "sell", "timestamp": "1618034480.1059468"}
{"created_at": 1618034480, "id": 418091251, "price": 6659982.0, "quantity": 0.01, "taker_side": "sell", "timestamp": "1618034480.106096"}
{"created_at": 1618034480, "id": 418091252, "price": 6659007.0, "quantity": 0.02779602, "taker_side": "sell", "timestamp": "1618034480.106244"}
{"created_at": 1618034482, "id": 418091254, "price": 6660228.0, "quantity": 0.0068, "taker_side": "sell", "timestamp": "1618034482.339211"}
{"created_at": 1618034482, "id": 418091255, "price": 6659857.0, "quantity": 0.02522, "taker_side": "sell", "timestamp": "1618034482.3392708"}
{"created_at": 1618034485, "id": 418091259, "price": 6659857.0, "quantity": 0.01075246, "taker_side": "sell", "timestamp": "1618034485.026834"}
{"created_at": 1618034485, "id": 418091260, "price": 6659857.0, "quantity": 0.02, "taker_side": "sell", "timestamp": "1618034485.026892"}
{"created_at": 1618034486, "id": 418091261, "price": 6659996.0, "quantity": 0.006, "taker_side": "sell", "timestamp": "1618034486.474664"}
{"created_at": 1618034486, "id": 418091262, "price": 6659856.0, "quantity": 0.004, "taker_side": "sell", "timestamp": "1618034486.4747899"}
{"created_at": 1618034486, "id": 418091263, "price": 6659672.0, "quantity": 0.0064, "taker_side": "sell", "timestamp": "1618034486.474922"}
{"created_at": 1618034486, "id": 418091264, "price": 6659191.0, "quantity": 0.01, "taker_side": "sell", "timestamp": "1618034486.4750469"}
{"created_at": 1618034486, "id": 418091265, "price": 6659001.0, "quantity": 0.0044, "taker_side": "sell", "timestamp": "1618034486.475165"}
{"created_at": 1618034486, "id": 418091266, "price": 6659000.0, "quantity": 0.0492, "taker_side": "sell", "timestamp": "1618034486.4753"}
{"created_at": 1618034488, "id": 418091278, "price": 6660805.0, "quantity": 0.002, "taker_side": "buy", "timestamp": "1618034488.417999"}
{"created_at": 1618034488, "id": 418091279, "price": 6661007.0, "quantity": 0.002, "taker_side": "buy", "timestamp": "1618034488.4180632"}
{"created_at": 1618034488, "id": 418091280, "price": 6661098.0, "quantity": 0.01, "taker_side": "buy", "timestamp": "1618034488.418119"}
{"created_at": 1618034488, "id": 418091281, "price": 6661249.0, "quantity": 0.0002, "taker_side": "buy", "timestamp": "1618034488.418171"}
{"created_at": 1618034488, "id": 418091282, "price": 6661807.0, "quantity": 0.0358, "taker_side": "buy", "timestamp": "1618034488.418234"}
{"created_at": 1618034489, "id": 418091285, "price": 6659001.0, "quantity": 0.018, "taker_side": "sell", "timestamp": "1618034489.023391"}
{"created_at": 1618034489, "id": 418091284, "price": 6659002.0, "quantity": 0.0022, "taker_side": "sell", "timestamp": "1618034489.023329"}
{"created_at": 1618034494, "id": 418091287, "price": 6660114.0, "quantity": 0.004, "taker_side": "buy", "timestamp": "1618034494.704994"}
{"created_at": 1618034494, "id": 418091288, "price": 6661140.0, "quantity": 0.0062, "taker_side": "buy", "timestamp": "1618034494.7050738"}
{"created_at": 1618034494, "id": 418091291, "price": 6662216.0, "quantity": 0.02, "taker_side": "buy", "timestamp": "1618034494.705232"}
{"created_at": 1618034494, "id": 418091290, "price": 6661709.0, "quantity": 0.0972, "taker_side": "buy", "timestamp": "1618034494.70518"}
{"created_at": 1618034494, "id": 418091289, "price": 6661703.0, "quantity": 0.03597246, "taker_side": "buy", "timestamp": "1618034494.705127"}
{"created_at": 1618034494, "id": 418091292, "price": 6662226.0, "quantity": 0.03662754, "taker_side": "buy", "timestamp": "1618034494.705285"}
{"created_at": 1618034496, "id": 418091294, "price": 6660120.0, "quantity": 0.011, "taker_side": "sell", "timestamp": "1618034496.376765"}
{"created_at": 1618034496, "id": 418091296, "price": 6659755.0, "quantity": 0.004, "taker_side": "sell", "timestamp": "1618034496.376881"}
{"created_at": 1618034496, "id": 418091295, "price": 6659756.0, "quantity": 0.02, "taker_side": "sell", "timestamp": "1618034496.376826"}
{"created_at": 1618034496, "id": 418091297, "price": 6659204.0, "quantity": 0.0088, "taker_side": "sell", "timestamp": "1618034496.376935"}
{"created_at": 1618034496, "id": 418091298, "price": 6659203.0, "quantity": 0.0542, "taker_side": "sell", "timestamp": "1618034496.376988"}
{"created_at": 1618034498, "id": 418091309, "price": 6660001.0, "quantity": 0.0002, "taker_side": "sell", "timestamp": "1618034498.065794"}
{"created_at": 1618034498, "id": 418091310, "price": 6659412.0, "quantity": 0.002, "taker_side": "sell", "timestamp": "1618034498.065855"}
{"created_at": 1618034498, "id": 418091311, "price": 6659412.0, "quantity": 0.0078, "taker_side": "sell", "timestamp": "1618034498.065907"}
{"created_at": 1618034498, "id": 418091316, "price": 6659412.0, "quantity": 0.002, "taker_side": "sell", "timestamp": "1618034498.2428591"}
{"created_at": 1618034498, "id": 418091317, "price": 6659406.0, "quantity": 0.02982754, "taker_side": "sell", "timestamp": "1618034498.24293"}
{"created_at": 1618034498, "id": 418091315, "price": 6659412.0, "quantity": 0.02817246, "taker_side": "sell", "timestamp": "1618034498.2427871"}
{"created_at": 1618034499, "id": 418091320, "price": 6659413.0, "quantity": 0.0022, "taker_side": "sell", "timestamp": "1618034499.153258"}
{"created_at": 1618034499, "id": 418091321, "price": 6659406.0, "quantity": 0.00615638, "taker_side": "sell", "timestamp": "1618034499.153326"}
{"created_at": 1618034499, "id": 418091322, "price": 6659215.0, "quantity": 0.01924362, "taker_side": "sell", "timestamp": "1618034499.153389"}
{"created_at": 1618034501, "id": 418091325, "price": 6659642.0, "quantity": 0.02, "taker_side": "sell", "timestamp": "1618034501.711262"}
{"created_at": 1618034505, "id": 418091326, "price": 6659516.0, "quantity": 0.02, "taker_side": "sell", "timestamp": "1618034505.341175"}
{"created_at": 1618034506, "id": 418091327, "price": 6661249.0, "quantity": 0.0002, "taker_side": "buy", "timestamp": "1618034506.2802129"}
{"created_at": 1618034506, "id": 418091328, "price": 6661892.0, "quantity": 0.004, "taker_side": "buy", "timestamp": "1618034506.280328"}
{"created_at": 1618034508, "id": 418091332, "price": 6660057.0, "quantity": 0.004, "taker_side": "sell", "timestamp": "1618034508.429853"}
{"created_at": 1618034508, "id": 418091333, "price": 6659344.0, "quantity": 0.01, "taker_side": "sell", "timestamp": "1618034508.429916"}
{"created_at": 1618034508, "id": 418091335, "price": 6659267.0, "quantity": 0.0636, "taker_side": "sell", "timestamp": "1618034508.43003"}
{"created_at": 1618034508, "id": 418091334, "price": 6659268.0, "quantity": 0.0198, "taker_side": "sell", "timestamp": "1618034508.429971"}
{"created_at": 1618034509, "id": 418091338, "price": 6659000.0, "quantity": 0.01, "taker_side": "sell", "timestamp": "1618034509.2740061"}
{"created_at": 1618034509, "id": 418091340, "price": 6662163.0, "quantity": 0.02272252, "taker_side": "buy", "timestamp": "1618034509.595053"}
{"created_at": 1618034509, "id": 418091339, "price": 6661846.0, "quantity": 0.006, "taker_side": "buy", "timestamp": "1618034509.594987"}
{"created_at": 1618034510, "id": 418091342, "price": 6659179.0, "quantity": 0.06, "taker_side": "sell", "timestamp": "1618034510.4409301"}
{"created_at": 1618034510, "id": 418091343, "price": 6659000.0, "quantity": 0.0008, "taker_side": "sell", "timestamp": "1618034510.441034"}
{"created_at": 1618034510, "id": 418091344, "price": 6658817.0, "quantity": 0.0352, "taker_side": "sell", "timestamp": "1618034510.441132"}
{"created_at": 1618034513, "id": 418091355, "price": 6661308.0, "quantity": 0.006, "taker_side": "sell", "timestamp": "1618034513.943135"}
{"created_at": 1618034513, "id": 418091356, "price": 6661249.0, "quantity": 0.0916, "taker_side": "sell", "timestamp": "1618034513.943242"}
{"created_at": 1618034515, "id": 418091357, "price": 6661249.0, "quantity": 0.01, "taker_side": "sell", "timestamp": "1618034515.4384499"}
{"created_at": 1618034516, "id": 418091359, "price": 6661333.0, "quantity": 0.02, "taker_side": "buy", "timestamp": "1618034516.274979"}
{"created_at": 1618034516, "id": 418091360, "price": 6662417.0, "quantity": 0.004, "taker_side": "buy", "timestamp": "1618034516.3534179"}
{"created_at": 1618034516, "id": 418091361, "price": 6662491.0, "quantity": 0.05999836, "taker_side": "buy", "timestamp": "1618034516.353527"}
{"created_at": 1618034516, "id": 418091362, "price": 6662496.0, "quantity": 0.014, "taker_side": "buy", "timestamp": "1618034516.3536482"}
{"created_at": 1618034516, "id": 418091363, "price": 6662499.0, "quantity": 0.0002, "taker_side": "buy", "timestamp": "1618034516.3537521"}
{"created_at": 1618034516, "id": 418091364, "price": 6663099.0, "quantity": 0.0044, "taker_side": "buy", "timestamp": "1618034516.353854"}
{"created_at": 1618034516, "id": 418091367, "price": 6663747.0, "quantity": 0.01, "taker_side": "buy", "timestamp": "1618034516.4946098"}
{"created_at": 1618034517, "id": 418091368, "price": 6662361.0, "quantity": 0.004, "taker_side": "sell", "timestamp": "1618034517.10716"}
{"created_at": 1618034517, "id": 418091369, "price": 6662360.0, "quantity": 0.03580002, "taker_side": "sell", "timestamp": "1618034517.107247"}
{"created_at": 1618034517, "id": 418091370, "price": 6661476.0, "quantity": 0.06, "taker_side": "sell", "timestamp": "1618034517.107307"}
{"created_at": 1618034517, "id": 418091371, "price": 6661471.0, "quantity": 0.01499998, "taker_side": "sell", "timestamp": "1618034517.1073952"}
{"created_at": 1618034518, "id": 418091375, "price": 6661590.0, "quantity": 0.02, "taker_side": "sell", "timestamp": "1618034518.837035"}
{"created_at": 1618034518, "id": 418091376, "price": 6661249.0, "quantity": 0.062, "taker_side": "sell", "timestamp": "1618034518.837152"}
{"created_at": 1618034520, "id": 418091377, "price": 6661966.0, "quantity": 0.0204, "taker_side": "sell", "timestamp": "1618034520.620408"}
{"created_at": 1618034521, "id": 418091378, "price": 6661966.0, "quantity": 0.04, "taker_side": "sell", "timestamp": "1618034521.206992"}
{"created_at": 1618034521, "id": 418091380, "price": 6663749.0, "quantity": 0.0002, "taker_side": "buy", "timestamp": "1618034521.3808472"}
{"created_at": 1618034521, "id": 418091381, "price": 6664975.0, "quantity": 0.0198, "taker_side": "buy", "timestamp": "1618034521.380907"}
{"created_at": 1618034521, "id": 418091382, "price": 6664975.0, "quantity": 0.0022, "taker_side": "buy", "timestamp": "1618034521.489569"}
{"created_at": 1618034521, "id": 418091383, "price": 6664994.0, "quantity": 0.0178, "taker_side": "buy", "timestamp": "1618034521.489629"}
{"created_at": 1618034521, "id": 418091384, "price": 6664994.0, "quantity": 0.0002, "taker_side": "buy", "timestamp": "1618034521.540737"}
{"created_at": 1618034522, "id": 418091385, "price": 6661967.0, "quantity": 0.01, "taker_side": "sell", "timestamp": "1618034522.0936372"}
{"created_at": 1618034522, "id": 418091386, "price": 6661966.0, "quantity": 0.02679632, "taker_side": "sell", "timestamp": "1618034522.0937011"}
{"created_at": 1618034522, "id": 418091387, "price": 6664751.0, "quantity": 0.02, "taker_side": "buy", "timestamp": "1618034522.724311"}
{"created_at": 1618034522, "id": 418091389, "price": 6664999.0, "quantity": 0.0002, "taker_side": "buy", "timestamp": "1618034522.99864"}
{"created_at": 1618034522, "id": 418091390, "price": 6665000.0, "quantity": 0.002, "taker_side": "buy", "timestamp": "1618034522.998708"}
{"created_at": 1618034522, "id": 418091391, "price": 6665072.0, "quantity": 0.004, "taker_side": "buy", "timestamp": "1618034522.998762"}
{"created_at": 1618034522, "id": 418091392, "price": 6665372.0, "quantity": 0.0138, "taker_side": "buy", "timestamp": "1618034522.998815"}
{"created_at": 1618034523, "id": 418091393, "price": 6662327.0, "quantity": 0.002, "taker_side": "sell", "timestamp": "1618034523.5582862"}
{"created_at": 1618034524, "id": 418091398, "price": 6661924.0, "quantity": 0.02, "taker_side": "sell", "timestamp": "1618034524.054591"}
{"created_at": 1618034525, "id": 418091399, "price": 6661893.0, "quantity": 0.002, "taker_side": "sell", "timestamp": "1618034525.263809"}
{"created_at": 1618034525, "id": 418091402, "price": 6661893.0, "quantity": 0.002, "taker_side": "sell", "timestamp": "1618034525.455122"}
{"created_at": 1618034525, "id": 418091404, "price": 6661892.0, "quantity": 0.004, "taker_side": "sell", "timestamp": "1618034525.670105"}
{"created_at": 1618034527, "id": 418091408, "price": 6662501.0, "quantity": 0.0002, "taker_side": "sell", "timestamp": "1618034527.3584378"}
{"created_at": 1618034527, "id": 418091411, "price": 6661924.0, "quantity": 0.06118398, "taker_side": "sell", "timestamp": "1618034527.3586109"}
{"created_at": 1618034527, "id": 418091410, "price": 6661925.0, "quantity": 0.0022, "taker_side": "sell", "timestamp": "1618034527.358557"}
{"created_at": 1618034527, "id": 418091409, "price": 6662429.0, "quantity": 0.0966, "taker_side": "sell", "timestamp": "1618034527.3585012"}
{"created_at": 1618034529, "id": 418091413, "price": 6663751.0, "quantity": 0.0002, "taker_side": "sell", "timestamp": "1618034529.033099"}
{"created_at": 1618034529, "id": 418091414, "price": 6661923.0, "quantity": 0.004, "taker_side": "sell", "timestamp": "1618034529.033164"}
{"created_at": 1618034529, "id": 418091415, "price": 6661509.0, "quantity": 0.002, "taker_side": "sell", "timestamp": "1618034529.03322"}
{"created_at": 1618034529, "id": 418091416, "price": 6661507.0, "quantity": 0.03595648, "taker_side": "sell", "timestamp": "1618034529.033279"}
{"created_at": 1618034529, "id": 418091417, "price": 6661507.0, "quantity": 0.03595318, "taker_side": "sell", "timestamp": "1618034529.0333388"}
{"created_at": 1618034529, "id": 418091418, "price": 6661507.0, "quantity": 0.02089644, "taker_side": "sell", "timestamp": "1618034529.033397"}
{"created_at": 1618034530, "id": 418091422, "price": 6661896.0, "quantity": 0.0022, "taker_side": "sell", "timestamp": "1618034530.555603"}
{"created_at": 1618034530, "id": 418091423, "price": 6661895.0, "quantity": 0.017798, "taker_side": "sell", "timestamp": "1618034530.555667"}
{"created_at": 1618034530, "id": 418091424, "price": 6664418.0, "quantity": 0.002, "taker_side": "buy", "timestamp": "1618034530.713575"}
{"created_at": 1618034530, "id": 418091425, "price": 6665372.0, "quantity": 0.0282, "taker_side": "buy", "timestamp": "1618034530.713692"}
{"created_at": 1618034530, "id": 418091426, "price": 6665377.0, "quantity": 0.042, "taker_side": "buy", "timestamp": "1618034530.7137978"}
{"created_at": 1618034530, "id": 418091427, "price": 6665377.0, "quantity": 0.1078, "taker_side": "buy", "timestamp": "1618034530.713901"}
{"created_at": 1618034530, "id": 418091428, "price": 6665377.0, "quantity": 0.01, "taker_side": "buy", "timestamp": "1618034530.800511"}
{"created_at": 1618034530, "id": 418091431, "price": 6665561.0, "quantity": 0.04, "taker_side": "buy", "timestamp": "1618034530.831483"}
{"created_at": 1618034530, "id": 418091430, "price": 6665377.0, "quantity": 0.0132, "taker_side": "buy", "timestamp": "1618034530.831357"}
{"created_at": 1618034530, "id": 418091432, "price": 6665698.0, "quantity": 0.004, "taker_side": "buy", "timestamp": "1618034530.8533912"}
{"created_at": 1618034530, "id": 418091434, "price": 6665895.0, "quantity": 0.01733838, "taker_side": "buy", "timestamp": "1618034530.92372"}
{"created_at": 1618034530, "id": 418091435, "price": 6666048.0, "quantity": 0.0176, "taker_side": "buy", "timestamp": "1618034530.923828"}
{"created_at": 1618034530, "id": 418091436, "price": 6666154.0, "quantity": 0.0044, "taker_side": "buy", "timestamp": "1618034530.923937"}
{"created_at": 1618034530, "id": 418091439, "price": 6666712.0, "quantity": 0.0194165, "taker_side": "buy", "timestamp": "1618034530.924287"}
{"created_at": 1618034530, "id": 418091437, "price": 6666249.0, "quantity": 0.0002, "taker_side": "buy", "timestamp": "1618034530.924043"}
{"created_at": 1618034530, "id": 418091440, "price": 6666765.0, "quantity": 0.04, "taker_side": "buy", "timestamp": "1618034530.9243908"}
{"created_at": 1618034530, "id": 418091438, "price": 6666711.0, "quantity": 0.02, "taker_side": "buy", "timestamp": "1618034530.924171"}
{"created_at": 1618034530, "id": 418091441, "price": 6667228.0, "quantity": 0.02, "taker_side": "buy", "timestamp": "1618034530.9460301"}
{"created_at": 1618034530, "id": 418091443, "price": 6666807.0, "quantity": 0.096, "taker_side": "sell", "timestamp": "1618034530.974179"}
{"created_at": 1618034531, "id": 418091448, "price": 6664743.0, "quantity": 0.002, "taker_side": "sell", "timestamp": "1618034531.2262988"}
{"created_at": 1618034532, "id": 418091450, "price": 6667343.0, "quantity": 0.0004, "taker_side": "buy", "timestamp": "1618034532.546379"}
{"created_at": 1618034532, "id": 418091451, "price": 6667499.0, "quantity": 0.0002, "taker_side": "buy", "timestamp": "1618034532.546441"}
{"created_at": 1618034532, "id": 418091452, "price": 6668498.0, "quantity": 0.004, "taker_side": "buy", "timestamp": "1618034532.546496"}
{"created_at": 1618034532, "id": 418091453, "price": 6668509.0, "quantity": 0.24, "taker_side": "buy", "timestamp": "1618034532.546549"}
{"created_at": 1618034532, "id": 418091454, "price": 6668749.0, "quantity": 0.0002, "taker_side": "buy", "timestamp": "1618034532.546601"}
{"created_at": 1618034532, "id": 418091455, "price": 6668944.0, "quantity": 0.0132, "taker_side": "buy", "timestamp": "1618034532.546653"}
{"created_at": 1618034532, "id": 418091456, "price": 6668945.0, "quantity": 0.142, "taker_side": "buy", "timestamp": "1618034532.546711"}
{"created_at": 1618034532, "id": 418091457, "price": 6665831.0, "quantity": 0.002, "taker_side": "sell", "timestamp": "1618034532.60286"}
{"created_at": 1618034532, "id": 418091460, "price": 6665832.0, "quantity": 0.002, "taker_side": "sell", "timestamp": "1618034532.794576"}
{"created_at": 1618034533, "id": 418091461, "price": 6666725.0, "quantity": 0.019998, "taker_side": "sell", "timestamp": "1618034533.6651762"}
{"created_at": 1618034534, "id": 418091462, "price": 6664198.0, "quantity": 0.002, "taker_side": "sell", "timestamp": "1618034534.260261"}
{"created_at": 1618034534, "id": 418091463, "price": 6664317.0, "quantity": 0.002, "taker_side": "sell", "timestamp": "1618034534.444617"}
{"created_at": 1618034534, "id": 418091464, "price": 6665621.0, "quantity": 0.05231238, "taker_side": "buy", "timestamp": "1618034534.472339"}
{"created_at": 1618034534, "id": 418091467, "price": 6664317.0, "quantity": 0.004, "taker_side": "sell", "timestamp": "1618034534.623509"}
{"created_at": 1618034534, "id": 418091469, "price": 6665621.0, "quantity": 0.002, "taker_side": "sell", "timestamp": "1618034534.6495092"}
{"created_at": 1618034534, "id": 418091470, "price": 6664317.0, "quantity": 0.002, "taker_side": "sell", "timestamp": "1618034534.856574"}
{"created_at": 1618034534, "id": 418091471, "price": 6664317.0, "quantity": 0.002, "taker_side": "sell", "timestamp": "1618034534.9917388"}
{"created_at": 1618034535, "id": 418091472, "price": 6664317.0, "quantity": 0.01, "taker_side": "sell", "timestamp": "1618034535.389034"}
{"created_at": 1618034535, "id": 418091473, "price": 6663211.0, "quantity": 0.018, "taker_side": "sell", "timestamp": "1618034535.3891"}
{"created_at": 1618034535, "id": 418091474, "price": 6663210.0, "quantity": 0.0316, "taker_side": "sell", "timestamp": "1618034535.389166"}
{"created_at": 1618034536, "id": 418091475, "price": 6662779.0, "quantity": 0.01943508, "taker_side": "sell", "timestamp": "1618034536.4356532"}
{"created_at": 1618034536, "id": 418091476, "price": 6662391.0, "quantity": 0.002, "taker_side": "sell", "timestamp": "1618034536.435775"}
{"created_at": 1618034536, "id": 418091477, "price": 6662391.0, "quantity": 0.01941648, "taker_side": "sell", "timestamp": "1618034536.435898"}
{"created_at": 1618034536, "id": 418091478, "price": 6662386.0, "quantity": 0.01024838, "taker_side": "sell", "timestamp": "1618034536.4360151"}
{"created_at": 1618034536, "id": 418091479, "price": 6662397.0, "quantity": 0.01, "taker_side": "sell", "timestamp": "1618034536.532678"}
{"created_at": 1618034536, "id": 418091486, "price": 6662386.0, "quantity": 0.00918094, "taker_side": "sell", "timestamp": "1618034536.988692"}
{"created_at": 1618034536, "id": 418091487, "price": 6662255.0, "quantity": 0.004, "taker_side": "sell", "timestamp": "1618034536.988818"}
{"created_at": 1618034536, "id": 418091488, "price": 6661931.0, "quantity": 0.0194117, "taker_side": "sell", "timestamp": "1618034536.9889421"}
{"created_at": 1618034536, "id": 418091490, "price": 6661480.0, "quantity": 0.002, "taker_side": "sell", "timestamp": "1618034536.989218"}
{"created_at": 1618034536, "id": 418091491, "price": 6661479.0, "quantity": 0.0194165, "taker_side": "sell", "timestamp": "1618034536.9893372"}
{"created_at": 1618034536, "id": 418091493, "price": 6661471.0, "quantity": 0.29319998, "taker_side": "sell", "timestamp": "1618034536.989567"}
{"created_at": 1618034536, "id": 418091492, "price": 6661472.0, "quantity": 0.0132, "taker_side": "sell", "timestamp": "1618034536.989451"}
{"created_at": 1618034536, "id": 418091489, "price": 6661484.0, "quantity": 0.06, "taker_side": "sell", "timestamp": "1618034536.989074"}
{"created_at": 1618034537, "id": 418091494, "price": 6661471.0, "quantity": 0.00358768, "taker_side": "sell", "timestamp": "1618034537.0292008"}
{"created_at": 1618034537, "id": 418091495, "price": 6661471.0, "quantity": 0.05321234, "taker_side": "sell", "timestamp": "1618034537.061602"}
{"created_at": 1618034537, "id": 418091502, "price": 6661251.0, "quantity": 0.0002, "taker_side": "sell", "timestamp": "1618034537.393899"}
{"created_at": 1618034537, "id": 418091503, "price": 6661249.0, "quantity": 0.01923508, "taker_side": "sell", "timestamp": "1618034537.393961"}
{"created_at": 1618034537, "id": 418091505, "price": 6661739.0, "quantity": 0.0942, "taker_side": "buy", "timestamp": "1618034537.88048"}
{"created_at": 1618034538, "id": 418091506, "price": 6661734.0, "quantity": 0.06, "taker_side": "buy", "timestamp": "1618034538.0204449"}
{"created_at": 1618034539, "id": 418091507, "price": 6661249.0, "quantity": 0.035, "taker_side": "sell", "timestamp": "1618034539.110355"}
{"created_at": 1618034539, "id": 418091508, "price": 6661249.0, "quantity": 0.013, "taker_side": "sell", "timestamp": "1618034539.46654"}
{"created_at": 1618034541, "id": 418091509, "price": 6661249.0, "quantity": 0.09844438, "taker_side": "sell", "timestamp": "1618034541.6746829"}
{"created_at": 1618034543, "id": 418091514, "price": 6661249.0, "quantity": 0.09844, "taker_side": "sell", "timestamp": "1618034543.3670259"}
{"created_at": 1618034545, "id": 418091517, "price": 6661249.0, "quantity": 0.039996, "taker_side": "sell", "timestamp": "1618034545.234283"}
{"created_at": 1618034546, "id": 418091518, "price": 6662415.0, "quantity": 0.002, "taker_side": "buy", "timestamp": "1618034546.067601"}
{"created_at": 1618034546, "id": 418091520, "price": 6661249.0, "quantity": 0.25028454, "taker_side": "sell", "timestamp": "1618034546.888034"}
{"created_at": 1618034547, "id": 418091522, "price": 6660000.0, "quantity": 0.002, "taker_side": "sell", "timestamp": "1618034547.022239"}
{"created_at": 1618034547, "id": 418091521, "price": 6660001.0, "quantity": 0.0002, "taker_side": "sell", "timestamp": "1618034547.022176"}
{"created_at": 1618034547, "id": 418091525, "price": 6658372.0, "quantity": 0.07559, "taker_side": "sell", "timestamp": "1618034547.022402"}
{"created_at": 1618034547, "id": 418091523, "price": 6659936.0, "quantity": 0.022, "taker_side": "sell", "timestamp": "1618034547.022294"}
{"created_at": 1618034547, "id": 418091524, "price": 6658751.0, "quantity": 0.0002, "taker_side": "sell", "timestamp": "1618034547.022348"}
{"created_at": 1618034552, "id": 418091532, "price": 6659020.0, "quantity": 0.001, "taker_side": "sell", "timestamp": "1618034552.9287832"}
{"created_at": 1618034556, "id": 418091541, "price": 6659035.0, "quantity": 0.01, "taker_side": "sell", "timestamp": "1618034556.8615522"}
{"created_at": 1618034556, "id": 418091542, "price": 6659020.0, "quantity": 0.01, "taker_side": "sell", "timestamp": "1618034556.861624"}
{"created_at": 1618034557, "id": 418091545, "price": 6659020.0, "quantity": 0.0171416, "taker_side": "sell", "timestamp": "1618034557.3347032"}
{"created_at": 1618034558, "id": 418091547, "price": 6659891.0, "quantity": 0.01542206, "taker_side": "buy", "timestamp": "1618034558.096529"}
{"created_at": 1618034558, "id": 418091549, "price": 6659979.0, "quantity": 0.01, "taker_side": "buy", "timestamp": "1618034558.096748"}
{"created_at": 1618034558, "id": 418091548, "price": 6659901.0, "quantity": 0.006, "taker_side": "buy", "timestamp": "1618034558.096642"}
{"created_at": 1618034558, "id": 418091550, "price": 6659999.0, "quantity": 0.0002, "taker_side": "buy", "timestamp": "1618034558.096853"}
{"created_at": 1618034559, "id": 418091554, "price": 6659021.0, "quantity": 0.0022, "taker_side": "sell", "timestamp": "1618034559.081773"}
{"created_at": 1618034559, "id": 418091553, "price": 6659025.0, "quantity": 0.06, "taker_side": "sell", "timestamp": "1618034559.081679"}
{"created_at": 1618034559, "id": 418091555, "price": 6659020.0, "quantity": 0.0106527, "taker_side": "sell", "timestamp": "1618034559.08184"}
{"created_at": 1618034560, "id": 418091556, "price": 6659020.0, "quantity": 0.3082057, "taker_side": "sell", "timestamp": "1618034560.279752"}
{"created_at": 1618034560, "id": 418091558, "price": 6659091.0, "quantity": 0.036, "taker_side": "buy", "timestamp": "1618034560.398334"}
{"created_at": 1618034560, "id": 418091557, "price": 6659083.0, "quantity": 0.006, "taker_side": "buy", "timestamp": "1618034560.398207"}
{"created_at": 1618034561, "id": 418091559, "price": 6658931.0, "quantity": 0.006, "taker_side": "buy", "timestamp": "1618034561.161806"}
{"created_at": 1618034561, "id": 418091560, "price": 6659008.0, "quantity": 0.032, "taker_side": "buy", "timestamp": "1618034561.161917"}
{"created_at": 1618034562, "id": 418091564, "price": 6659100.0, "quantity": 0.002, "taker_side": "buy", "timestamp": "1618034562.961725"}
{"created_at": 1618034562, "id": 418091565, "price": 6659498.0, "quantity": 0.0068, "taker_side": "buy", "timestamp": "1618034562.961847"}
{"created_at": 1618034563, "id": 418091570, "price": 6660939.0, "quantity": 0.002, "taker_side": "buy", "timestamp": "1618034563.19936"}
{"created_at": 1618034565, "id": 418091572, "price": 6658409.0, "quantity": 0.0044, "taker_side": "sell", "timestamp": "1618034565.433781"}
{"created_at": 1618034565, "id": 418091573, "price": 6658143.0, "quantity": 0.004, "taker_side": "sell", "timestamp": "1618034565.433847"}
{"created_at": 1618034565, "id": 418091574, "price": 6658063.0, "quantity": 0.0316, "taker_side": "sell", "timestamp": "1618034565.4339259"}
{"created_at": 1618034565, "id": 418091576, "price": 6658062.0, "quantity": 0.0088, "taker_side": "sell", "timestamp": "1618034565.596569"}
{"created_at": 1618034565, "id": 418091577, "price": 6658062.0, "quantity": 0.01, "taker_side": "sell", "timestamp": "1618034565.64513"}
{"created_at": 1618034566, "id": 418091582, "price": 6660617.0, "quantity": 0.08, "taker_side": "buy", "timestamp": "1618034566.672095"}
{"created_at": 1618034566, "id": 418091580, "price": 6660313.0, "quantity": 0.006, "taker_side": "buy", "timestamp": "1618034566.671956"}
{"created_at": 1618034566, "id": 418091581, "price": 6660612.0, "quantity": 0.06, "taker_side": "buy", "timestamp": "1618034566.672016"}
{"created_at": 1618034566, "id": 418091583, "price": 6660617.0, "quantity": 0.0174, "taker_side": "buy", "timestamp": "1618034566.672147"}
{"created_at": 1618034571, "id": 418091588, "price": 6658901.0, "quantity": 0.0359964, "taker_side": "sell", "timestamp": "1618034571.224458"}
{"created_at": 1618034572, "id": 418091590, "price": 6660247.0, "quantity": 0.002, "taker_side": "buy", "timestamp": "1618034572.0732749"}
{"created_at": 1618034572, "id": 418091591, "price": 6659601.0, "quantity": 0.006, "taker_side": "buy", "timestamp": "1618034572.94128"}
{"created_at": 1618034572, "id": 418091592, "price": 6659677.0, "quantity": 0.06, "taker_side": "buy", "timestamp": "1618034572.941389"}
{"created_at": 1618034577, "id": 418091593, "price": 6658751.0, "quantity": 0.0002, "taker_side": "sell", "timestamp": "1618034577.4705658"}
{"created_at": 1618034577, "id": 418091594, "price": 6657501.0, "quantity": 0.0002, "taker_side": "sell", "timestamp": "1618034577.4706712"}
{"created_at": 1618034577, "id": 418091595, "price": 6657501.0, "quantity": 0.00134162, "taker_side": "sell", "timestamp": "1618034577.470727"}
{"created_at": 1618034577, "id": 418091596, "price": 6656327.0, "quantity": 0.01825838, "taker_side": "sell", "timestamp": "1618034577.470783"}
{"created_at": 1618034578, "id": 418091598, "price": 6656542.0, "quantity": 0.006, "taker_side": "sell", "timestamp": "1618034578.0950131"}
{"created_at": 1618034578, "id": 418091599, "price": 6656251.0, "quantity": 0.0002, "taker_side": "sell", "timestamp": "1618034578.0951371"}
{"created_at": 1618034578, "id": 418091607, "price": 6655004.0, "quantity": 0.0299998, "taker_side": "sell", "timestamp": "1618034578.6511538"}
{"created_at": 1618034578, "id": 418091609, "price": 6654243.0, "quantity": 0.11538564, "taker_side": "sell", "timestamp": "1618034578.651305"}
{"created_at": 1618034578, "id": 418091608, "price": 6655001.0, "quantity": 0.0002, "taker_side": "sell", "timestamp": "1618034578.651249"}
{"created_at": 1618034584, "id": 418091614, "price": 6656053.0, "quantity": 0.006, "taker_side": "buy", "timestamp": "1618034584.032183"}
{"created_at": 1618034584, "id": 418091615, "price": 6656170.0, "quantity": 0.0072, "taker_side": "buy", "timestamp": "1618034584.032248"}
{"created_at": 1618034584, "id": 418091616, "price": 6656170.0, "quantity": 0.0028, "taker_side": "buy", "timestamp": "1618034584.320789"}
{"created_at": 1618034584, "id": 418091617, "price": 6656172.0, "quantity": 0.002, "taker_side": "buy", "timestamp": "1618034584.3208508"}
{"created_at": 1618034584, "id": 418091618, "price": 6656172.0, "quantity": 0.0096, "taker_side": "buy", "timestamp": "1618034584.3209019"}
{"created_at": 1618034585, "id": 418091619, "price": 6657499.0, "quantity": 0.0002, "taker_side": "buy", "timestamp": "1618034585.8953118"}
{"created_at": 1618034585, "id": 418091620, "price": 6657608.0, "quantity": 0.004, "taker_side": "buy", "timestamp": "1618034585.895424"}
{"created_at": 1618034585, "id": 418091621, "price": 6658079.0, "quantity": 0.03597246, "taker_side": "buy", "timestamp": "1618034585.89554"}
{"created_at": 1618034585, "id": 418091622, "price": 6658079.0, "quantity": 0.03595318, "taker_side": "buy", "timestamp": "1618034585.895666"}
{"created_at": 1618034585, "id": 418091623, "price": 6658079.0, "quantity": 0.03595648, "taker_side": "buy", "timestamp": "1618034585.8957691"}
{"created_at": 1618034585, "id": 418091624, "price": 6658084.0, "quantity": 0.0044, "taker_side": "buy", "timestamp": "1618034585.895879"}
{"created_at": 1618034588, "id": 418091633, "price": 6656249.0, "quantity": 0.0002, "taker_side": "buy", "timestamp": "1618034588.664329"}
{"created_at": 1618034588, "id": 418091635, "price": 6658749.0, "quantity": 0.0002, "taker_side": "buy", "timestamp": "1618034588.808481"}
{"created_at": 1618034588, "id": 418091636, "price": 6658818.0, "quantity": 0.0018, "taker_side": "buy", "timestamp": "1618034588.8085399"}
{"created_at": 1618034590, "id": 418091637, "price": 6658817.0, "quantity": 0.04, "taker_side": "buy", "timestamp": "1618034590.969402"}
{"created_at": 1618034590, "id": 418091638, "price": 6658818.0, "quantity": 0.0022, "taker_side": "buy", "timestamp": "1618034590.969532"}
{"created_at": 1618034594, "id": 418091641, "price": 6657930.0, "quantity": 0.039996, "taker_side": "sell", "timestamp": "1618034594.542909"}
{"created_at": 1618034597, "id": 418091644, "price": 6659100.0, "quantity": 0.002, "taker_side": "buy", "timestamp": "1618034597.747444"}
{"created_at": 1618034600, "id": 418091645, "price": 6659813.0, "quantity": 0.002, "taker_side": "buy", "timestamp": "1618034600.1246321"}
{"created_at": 1618034604, "id": 418091646, "price": 6659999.0, "quantity": 0.0002, "taker_side": "buy", "timestamp": "1618034604.262691"}
{"created_at": 1618034604, "id": 418091650, "price": 6661293.0, "quantity": 0.0182, "taker_side": "buy", "timestamp": "1618034604.26292"}
{"created_at": 1618034604, "id": 418091648, "price": 6661287.0, "quantity": 0.002, "taker_side": "buy", "timestamp": "1618034604.262805"}
{"created_at": 1618034604, "id": 418091649, "price": 6661292.0, "quantity": 0.0154, "taker_side": "buy", "timestamp": "1618034604.26286"}
{"created_at": 1618034604, "id": 418091647, "price": 6661249.0, "quantity": 0.0002, "taker_side": "buy", "timestamp": "1618034604.262753"}
{"created_at": 1618034604, "id": 418091652, "price": 6661293.0, "quantity": 0.01775648, "taker_side": "buy", "timestamp": "1618034604.339377"}
{"created_at": 1618034604, "id": 418091653, "price": 6661625.0, "quantity": 0.02224352, "taker_side": "buy", "timestamp": "1618034604.33944"}
{"created_at": 1618034604, "id": 418091656, "price": 6661063.0, "quantity": 0.002, "taker_side": "buy", "timestamp": "1618034604.932302"}
{"created_at": 1618034606, "id": 418091657, "price": 6661063.0, "quantity": 0.002, "taker_side": "buy", "timestamp": "1618034606.0527549"}
{"created_at": 1618034606, "id": 418091658, "price": 6661063.0, "quantity": 0.002, "taker_side": "buy", "timestamp": "1618034606.614336"}
{"created_at": 1618034615, "id": 418091660, "price": 6660829.0, "quantity": 0.002, "taker_side": "buy", "timestamp": "1618034615.583934"}
{"created_at": 1618034626, "id": 418091666, "price": 6660937.0, "quantity": 0.002, "taker_side": "buy", "timestamp": "1618034626.9380548"}
{"created_at": 1618034628, "id": 418091669, "price": 6660001.0, "quantity": 0.0002, "taker_side": "sell", "timestamp": "1618034628.802874"}
{"created_at": 1618034628, "id": 418091670, "price": 6659577.0, "quantity": 0.002, "taker_side": "sell", "timestamp": "1618034628.8029382"}
{"created_at": 1618034628, "id": 418091671, "price": 6658889.0, "quantity": 0.0018, "taker_side": "sell", "timestamp": "1618034628.802996"}
{"created_at": 1618034632, "id": 418091676, "price": 6660260.0, "quantity": 0.002, "taker_side": "buy", "timestamp": "1618034632.768596"}
{"created_at": 1618034637, "id": 418091677, "price": 6658889.0, "quantity": 0.0022, "taker_side": "sell", "timestamp": "1618034637.5834088"}
{"created_at": 1618034637, "id": 418091678, "price": 6658751.0, "quantity": 0.0002, "taker_side": "sell", "timestamp": "1618034637.5835478"}
{"created_at": 1618034637, "id": 418091679, "price": 6658400.0, "quantity": 0.006, "taker_side": "sell", "timestamp": "1618034637.583665"}
{"created_at": 1618034637, "id": 418091681, "price": 6657930.0, "quantity": 4e-06, "taker_side": "sell", "timestamp": "1618034637.715959"}
{"created_at": 1618034637, "id": 418091682, "price": 6657501.0, "quantity": 0.0002, "taker_side": "sell", "timestamp": "1618034637.7161"}
{"created_at": 1618034637, "id": 418091683, "price": 6657298.0, "quantity": 0.004, "taker_side": "sell", "timestamp": "1618034637.716249"}
{"created_at": 1618034637, "id": 418091684, "price": 6657253.0, "quantity": 0.0066, "taker_side": "sell", "timestamp": "1618034637.7163892"}
{"created_at": 1618034638, "id": 418091694, "price": 6656251.0, "quantity": 0.0002, "taker_side": "sell", "timestamp": "1618034638.603431"}
{"created_at": 1618034638, "id": 418091695, "price": 6656180.0, "quantity": 0.08, "taker_side": "sell", "timestamp": "1618034638.603492"}
{"created_at": 1618034638, "id": 418091696, "price": 6655812.0, "quantity": 0.002, "taker_side": "sell", "timestamp": "1618034638.6035469"}
{"created_at": 1618034638, "id": 418091697, "price": 6655741.0, "quantity": 0.0044, "taker_side": "sell", "timestamp": "1618034638.6035998"}
{"created_at": 1618034638, "id": 418091699, "price": 6655003.0, "quantity": 0.08695754, "taker_side": "sell", "timestamp": "1618034638.60372"}
{"created_at": 1618034638, "id": 418091698, "price": 6655740.0, "quantity": 0.02242204, "taker_side": "sell", "timestamp": "1618034638.603656"}
{"created_at": 1618034640, "id": 418091701, "price": 6655740.0, "quantity": 0.029997, "taker_side": "sell", "timestamp": "1618034640.311056"}
{"created_at": 1618034641, "id": 418091704, "price": 6658217.0, "quantity": 0.002, "taker_side": "buy", "timestamp": "1618034641.581739"}
{"created_at": 1618034647, "id": 418091706, "price": 6655785.0, "quantity": 0.001, "taker_side": "sell", "timestamp": "1618034647.9674518"}
{"created_at": 1618034650, "id": 418091708, "price": 6656480.0, "quantity": 0.002, "taker_side": "buy", "timestamp": "1618034650.583349"}
{"created_at": 1618034650, "id": 418091712, "price": 6655785.0, "quantity": 0.003, "taker_side": "sell", "timestamp": "1618034650.856194"}
{"created_at": 1618034650, "id": 418091713, "price": 6655001.0, "quantity": 0.0002, "taker_side": "sell", "timestamp": "1618034650.8563259"}
{"created_at": 1618034650, "id": 418091714, "price": 6655000.0, "quantity": 0.002, "taker_side": "sell", "timestamp": "1618034650.856444"}
{"created_at": 1618034650, "id": 418091715, "price": 6654628.0, "quantity": 0.004, "taker_side": "sell", "timestamp": "1618034650.8565812"}
{"created_at": 1618034650, "id": 418091716, "price": 6654500.0, "quantity": 0.0044, "taker_side": "sell", "timestamp": "1618034650.856728"}
{"created_at": 1618034650, "id": 418091717, "price": 6654251.0, "quantity": 0.002, "taker_side": "sell", "timestamp": "1618034650.856846"}
{"created_at": 1618034650, "id": 418091718, "price": 6654246.0, "quantity": 0.096, "taker_side": "sell", "timestamp": "1618034650.856965"}
{"created_at": 1618034651, "id": 418091729, "price": 6653751.0, "quantity": 0.0002, "taker_side": "sell", "timestamp": "1618034651.82462"}
{"created_at": 1618034651, "id": 418091730, "price": 6653533.0, "quantity": 0.179776, "taker_side": "sell", "timestamp": "1618034651.824699"}
{"created_at": 1618034651, "id": 418091728, "price": 6653838.0, "quantity": 0.06, "taker_side": "sell", "timestamp": "1618034651.82453"}
{"created_at": 1618034655, "id": 418091732, "price": 6654020.0, "quantity": 0.04, "taker_side": "buy", "timestamp": "1618034655.135318"}
{"created_at": 1618034655, "id": 418091733, "price": 6654051.0, "quantity": 0.02254506, "taker_side": "buy", "timestamp": "1618034655.1354399"}
{"created_at": 1618034655, "id": 418091735, "price": 6654446.0, "quantity": 0.004, "taker_side": "buy", "timestamp": "1618034655.1356611"}
{"created_at": 1618034655, "id": 418091734, "price": 6654185.0, "quantity": 0.06, "taker_side": "buy", "timestamp": "1618034655.135547"}
{"created_at": 1618034655, "id": 418091736, "price": 6654500.0, "quantity": 0.03595894, "taker_side": "buy", "timestamp": "1618034655.135766"}
{"created_at": 1618034655, "id": 418091737, "price": 6654500.0, "quantity": 0.002, "taker_side": "buy", "timestamp": "1618034655.135903"}
{"created_at": 1618034655, "id": 418091739, "price": 6654500.0, "quantity": 0.033496, "taker_side": "buy", "timestamp": "1618034655.136131"}
{"created_at": 1618034655, "id": 418091738, "price": 6654500.0, "quantity": 0.002, "taker_side": "buy", "timestamp": "1618034655.1360111"}
{"created_at": 1618034658, "id": 418091748, "price": 6654304.0, "quantity": 0.0002, "taker_side": "buy", "timestamp": "1618034658.63886"}
{"created_at": 1618034658, "id": 418091749, "price": 6655432.0, "quantity": 0.01250902, "taker_side": "buy", "timestamp": "1618034658.952369"}
{"created_at": 1618034658, "id": 418091750, "price": 6655444.0, "quantity": 0.02749098, "taker_side": "buy", "timestamp": "1618034658.952436"}
{"created_at": 1618034659, "id": 418091754, "price": 6654999.0, "quantity": 0.0002, "taker_side": "buy", "timestamp": "1618034659.676668"}
{"created_at": 1618034659, "id": 418091755, "price": 6655283.0, "quantity": 0.0018, "taker_side": "buy", "timestamp": "1618034659.676727"}
{"created_at": 1618034665, "id": 418091756, "price": 6653228.0, "quantity": 0.0004, "taker_side": "buy", "timestamp": "1618034665.152748"}
{"created_at": 1618034666, "id": 418091758, "price": 6653155.0, "quantity": 0.0002, "taker_side": "buy", "timestamp": "1618034666.019676"}
{"created_at": 1618034668, "id": 418091760, "price": 6653222.0, "quantity": 0.002, "taker_side": "buy", "timestamp": "1618034668.536293"}
{"created_at": 1618034670, "id": 418091761, "price": 6652501.0, "quantity": 0.0002, "taker_side": "sell", "timestamp": "1618034670.0770218"}
{"created_at": 1618034670, "id": 418091762, "price": 6651251.0, "quantity": 0.0002, "taker_side": "sell", "timestamp": "1618034670.723733"}
{"created_at": 1618034670, "id": 418091763, "price": 6650001.0, "quantity": 0.0002, "taker_side": "sell", "timestamp": "1618034670.723794"}
{"created_at": 1618034670, "id": 418091764, "price": 6649773.0, "quantity": 0.004, "taker_side": "sell", "timestamp": "1618034670.723849"}
{"created_at": 1618034670, "id": 418091765, "price": 6649210.0, "quantity": 0.0156, "taker_side": "sell", "timestamp": "1618034670.723915"}
{"created_at": 1618034670, "id": 418091766, "price": 6649210.0, "quantity": 0.00381834, "taker_side": "sell", "timestamp": "1618034670.915197"}
{"created_at": 1618034670, "id": 418091767, "price": 6649206.0, "quantity": 0.01618166, "taker_side": "sell", "timestamp": "1618034670.915267"}
{"created_at": 1618034671, "id": 418091768, "price": 6649211.0, "quantity": 0.0078, "taker_side": "sell", "timestamp": "1618034671.048192"}
{"created_at": 1618034671, "id": 418091769, "price": 6649210.0, "quantity": 0.0122, "taker_side": "sell", "timestamp": "1618034671.0482712"}
{"created_at": 1618034672, "id": 418091773, "price": 6651949.0, "quantity": 0.0122, "taker_side": "buy", "timestamp": "1618034672.009194"}
{"created_at": 1618034672, "id": 418091775, "price": 6649210.0, "quantity": 0.0002, "taker_side": "sell", "timestamp": "1618034672.589427"}
{"created_at": 1618034673, "id": 418091776, "price": 6649210.0, "quantity": 0.0076, "taker_side": "sell", "timestamp": "1618034673.125777"}
{"created_at": 1618034673, "id": 418091777, "price": 6649165.0, "quantity": 0.02, "taker_side": "sell", "timestamp": "1618034673.125901"}
{"created_at": 1618034673, "id": 418091780, "price": 6650337.0, "quantity": 0.002, "taker_side": "buy", "timestamp": "1618034673.8174741"}
{"created_at": 1618034677, "id": 418091781, "price": 6650496.0, "quantity": 0.002, "taker_side": "buy", "timestamp": "1618034677.358119"}
{"created_at": 1618034677, "id": 418091783, "price": 6650496.0, "quantity": 0.0118, "taker_side": "buy", "timestamp": "1618034677.9418619"}
{"created_at": 1618034677, "id": 418091784, "price": 6650496.0, "quantity": 0.002, "taker_side": "buy", "timestamp": "1618034677.9507022"}
{"created_at": 1618034678, "id": 418091785, "price": 6650490.0, "quantity": 0.002, "taker_side": "buy", "timestamp": "1618034678.170827"}
{"created_at": 1618034679, "id": 418091790, "price": 6648751.0, "quantity": 0.0002, "taker_side": "sell", "timestamp": "1618034679.5633762"}
{"created_at": 1618034679, "id": 418091791, "price": 6647834.0, "quantity": 0.0198, "taker_side": "sell", "timestamp": "1618034679.563452"}
{"created_at": 1618034679, "id": 418091792, "price": 6647501.0, "quantity": 0.0002, "taker_side": "sell", "timestamp": "1618034679.690884"}
{"created_at": 1618034679, "id": 418091793, "price": 6647377.0, "quantity": 0.0088, "taker_side": "sell", "timestamp": "1618034679.690946"}
{"created_at": 1618034679, "id": 418091794, "price": 6647376.0, "quantity": 0.00852334, "taker_side": "sell", "timestamp": "1618034679.6910028"}
{"created_at": 1618034679, "id": 418091795, "price": 6647376.0, "quantity": 0.00247666, "taker_side": "sell", "timestamp": "1618034679.691056"}
{"created_at": 1618034686, "id": 418091799, "price": 6649225.0, "quantity": 0.004, "taker_side": "buy", "timestamp": "1618034686.471479"}
{"created_at": 1618034686, "id": 418091801, "price": 6649225.0, "quantity": 0.002, "taker_side": "buy", "timestamp": "1618034686.7553868"}
{"created_at": 1618034688, "id": 418091806, "price": 6649225.0, "quantity": 0.0038, "taker_side": "buy", "timestamp": "1618034688.1621041"}
{"created_at": 1618034688, "id": 418091805, "price": 6648749.0, "quantity": 0.0002, "taker_side": "buy", "timestamp": "1618034688.162045"}
{"created_at": 1618034695, "id": 418091807, "price": 6649055.0, "quantity": 0.002, "taker_side": "buy", "timestamp": "1618034695.542634"}
{"created_at": 1618034703, "id": 418091809, "price": 6649049.0, "quantity": 0.02, "taker_side": "buy", "timestamp": "1618034703.37939"}
{"created_at": 1618034704, "id": 418091810, "price": 6647501.0, "quantity": 0.0002, "taker_side": "sell", "timestamp": "1618034704.128188"}
{"created_at": 1618034704, "id": 418091811, "price": 6646251.0, "quantity": 0.0002, "taker_side": "sell", "timestamp": "1618034704.128265"}
{"created_at": 1618034704, "id": 418091812, "price": 6646065.0, "quantity": 0.005, "taker_side": "sell", "timestamp": "1618034704.1283252"}
{"created_at": 1618034704, "id": 418091814, "price": 6649054.0, "quantity": 0.002, "taker_side": "buy", "timestamp": "1618034704.4947789"}
{"created_at": 1618034706, "id": 418091816, "price": 6649054.0, "quantity": 0.001, "taker_side": "buy", "timestamp": "1618034706.8649569"}
{"created_at": 1618034708, "id": 418091819, "price": 6646728.0, "quantity": 0.0400036, "taker_side": "sell", "timestamp": "1618034708.614075"}
{"created_at": 1618034708, "id": 418091820, "price": 6646245.0, "quantity": 0.00702626, "taker_side": "sell", "timestamp": "1618034708.614156"}
{"created_at": 1618034708, "id": 418091821, "price": 6646221.0, "quantity": 0.02, "taker_side": "sell", "timestamp": "1618034708.614214"}
{"created_at": 1618034708, "id": 418091822, "price": 6646216.0, "quantity": 0.03597014, "taker_side": "sell", "timestamp": "1618034708.61427"}
{"created_at": 1618034710, "id": 418091826, "price": 6646223.0, "quantity": 0.079992, "taker_side": "sell", "timestamp": "1618034710.180898"}
{"created_at": 1618034712, "id": 418091829, "price": 6646753.0, "quantity": 0.02439954, "taker_side": "sell", "timestamp": "1618034712.2979"}
{"created_at": 1618034713, "id": 418091831, "price": 6647370.0, "quantity": 0.002, "taker_side": "buy", "timestamp": "1618034713.17385"}
{"created_at": 1618034713, "id": 418091832, "price": 6646487.0, "quantity": 0.01, "taker_side": "sell", "timestamp": "1618034713.88783"}
{"created_at": 1618034713, "id": 418091833, "price": 6646227.0, "quantity": 0.01533132, "taker_side": "sell", "timestamp": "1618034713.887896"}
{"created_at": 1618034714, "id": 418091837, "price": 6647499.0, "quantity": 0.0002, "taker_side": "buy", "timestamp": "1618034714.714318"}
{"created_at": 1618034714, "id": 418091838, "price": 6648706.0, "quantity": 0.0018, "taker_side": "buy", "timestamp": "1618034714.714379"}
{"created_at": 1618034716, "id": 418091839, "price": 6648705.0, "quantity": 0.00182024, "taker_side": "buy", "timestamp": "1618034716.110181"}
{"created_at": 1618034720, "id": 418091842, "price": 6646316.0, "quantity": 0.002, "taker_side": "sell", "timestamp": "1618034720.272029"}
{"created_at": 1618034720, "id": 418091843, "price": 6646035.0, "quantity": 0.002, "taker_side": "sell", "timestamp": "1618034720.272091"}
{"created_at": 1618034720, "id": 418091844, "price": 6646035.0, "quantity": 0.002, "taker_side": "sell", "timestamp": "1618034720.2721448"}
{"created_at": 1618034720, "id": 418091845, "price": 6646035.0, "quantity": 0.03195894, "taker_side": "sell", "timestamp": "1618034720.272198"}
{"created_at": 1618034722, "id": 418091846, "price": 6648273.0, "quantity": 0.002, "taker_side": "buy", "timestamp": "1618034722.0173771"}
{"created_at": 1618034728, "id": 418091848, "price": 6646258.0, "quantity": 0.0274, "taker_side": "sell", "timestamp": "1618034728.124084"}
{"created_at": 1618034728, "id": 418091849, "price": 6646257.0, "quantity": 0.002, "taker_side": "sell", "timestamp": "1618034728.124223"}
{"created_at": 1618034728, "id": 418091850, "price": 6646251.0, "quantity": 0.0002, "taker_side": "sell", "timestamp": "1618034728.124344"}
{"created_at": 1618034729, "id": 418091855, "price": 6646035.0, "quantity": 0.06704106, "taker_side": "sell", "timestamp": "1618034729.150639"}
{"created_at": 1618034729, "id": 418091856, "price": 6646035.0, "quantity": 0.002, "taker_side": "sell", "timestamp": "1618034729.150764"}
{"created_at": 1618034729, "id": 418091858, "price": 6644102.0, "quantity": 0.0778, "taker_side": "sell", "timestamp": "1618034729.151058"}
{"created_at": 1618034729, "id": 418091861, "price": 6644102.0, "quantity": 0.0176, "taker_side": "sell", "timestamp": "1618034729.1548212"}
{"created_at": 1618034729, "id": 418091857, "price": 6645001.0, "quantity": 0.0002, "taker_side": "sell", "timestamp": "1618034729.1508899"}
{"created_at": 1618034729, "id": 418091862, "price": 6643751.0, "quantity": 0.18944106, "taker_side": "sell", "timestamp": "1618034729.154939"}
{"created_at": 1618034729, "id": 418091860, "price": 6644102.0, "quantity": 0.12, "taker_side": "sell", "timestamp": "1618034729.154668"}
{"created_at": 1618034729, "id": 418091863, "price": 6643751.0, "quantity": 0.21095894, "taker_side": "sell", "timestamp": "1618034729.1748211"}
{"created_at": 1618034729, "id": 418091859, "price": 6644102.0, "quantity": 0.18, "taker_side": "sell", "timestamp": "1618034729.151223"}
{"created_at": 1618034729, "id": 418091864, "price": 6643751.0, "quantity": 0.0002, "taker_side": "sell", "timestamp": "1618034729.174968"}
{"created_at": 1618034729, "id": 418091865, "price": 6643567.0, "quantity": 0.00696336, "taker_side": "sell", "timestamp": "1618034729.207093"}
{"created_at": 1618034729, "id": 418091871, "price": 6643317.0, "quantity": 0.01942142, "taker_side": "sell", "timestamp": "1618034729.487703"}
{"created_at": 1618034729, "id": 418091872, "price": 6643316.0, "quantity": 0.002, "taker_side": "sell", "timestamp": "1618034729.487822"}
{"created_at": 1618034729, "id": 418091874, "price": 6643316.0, "quantity": 0.01942992, "taker_side": "sell", "timestamp": "1618034729.488092"}
{"created_at": 1618034729, "id": 418091873, "price": 6643316.0, "quantity": 0.002, "taker_side": "sell", "timestamp": "1618034729.487975"}
{"created_at": 1618034729, "id": 418091876, "price": 6643308.0, "quantity": 0.01941834, "taker_side": "sell", "timestamp": "1618034729.488333"}
{"created_at": 1618034729, "id": 418091875, "price": 6643311.0, "quantity": 0.0194117, "taker_side": "sell", "timestamp": "1618034729.488211"}
{"created_at": 1618034730, "id": 418091880, "price": 6642867.0, "quantity": 0.06904106, "taker_side": "sell", "timestamp": "1618034730.2521799"}
{"created_at": 1618034730, "id": 418091887, "price": 6643387.0, "quantity": 0.002, "taker_side": "buy", "timestamp": "1618034730.917639"}
{"created_at": 1618034731, "id": 418091891, "price": 6642794.0, "quantity": 0.0618, "taker_side": "sell", "timestamp": "1618034731.2397618"}
{"created_at": 1618034731, "id": 418091892, "price": 6642867.0, "quantity": 0.06195894, "taker_side": "sell", "timestamp": "1618034731.2715662"}
{"created_at": 1618034731, "id": 418091896, "price": 6641496.0, "quantity": 0.02, "taker_side": "sell", "timestamp": "1618034731.86872"}
{"created_at": 1618034731, "id": 418091898, "price": 6640808.0, "quantity": 0.005, "taker_side": "sell", "timestamp": "1618034731.868829"}
{"created_at": 1618034731, "id": 418091895, "price": 6642501.0, "quantity": 0.0002, "taker_side": "sell", "timestamp": "1618034731.8686578"}
{"created_at": 1618034731, "id": 418091897, "price": 6641251.0, "quantity": 0.0002, "taker_side": "sell", "timestamp": "1618034731.868775"}
{"created_at": 1618034731, "id": 418091899, "price": 6640808.0, "quantity": 0.03655276, "taker_side": "sell", "timestamp": "1618034731.868895"}
{"created_at": 1618034731, "id": 418091902, "price": 6642247.0, "quantity": 0.01, "taker_side": "sell", "timestamp": "1618034731.978146"}
{"created_at": 1618034732, "id": 418091904, "price": 6643333.0, "quantity": 0.018, "taker_side": "buy", "timestamp": "1618034732.261943"}
{"created_at": 1618034732, "id": 418091905, "price": 6643386.0, "quantity": 0.0296, "taker_side": "buy", "timestamp": "1618034732.262062"}
{"created_at": 1618034732, "id": 418091906, "price": 6643386.0, "quantity": 0.01039754, "taker_side": "buy", "timestamp": "1618034732.2985039"}
{"created_at": 1618034732, "id": 418091908, "price": 6643437.0, "quantity": 0.02408296, "taker_side": "buy", "timestamp": "1618034732.357147"}
{"created_at": 1618034732, "id": 418091907, "price": 6643402.0, "quantity": 0.002, "taker_side": "buy", "timestamp": "1618034732.357025"}
{"created_at": 1618034732, "id": 418091909, "price": 6644260.0, "quantity": 0.004, "taker_side": "buy", "timestamp": "1618034732.357253"}
{"created_at": 1618034732, "id": 418091910, "price": 6645041.0, "quantity": 0.0264, "taker_side": "buy", "timestamp": "1618034732.3573601"}
{"created_at": 1618034732, "id": 418091912, "price": 6645363.0, "quantity": 0.002, "taker_side": "buy", "timestamp": "1618034732.357601"}
{"created_at": 1618034732, "id": 418091913, "price": 6645411.0, "quantity": 0.1536, "taker_side": "buy", "timestamp": "1618034732.357706"}
{"created_at": 1618034732, "id": 418091911, "price": 6645361.0, "quantity": 0.01, "taker_side": "buy", "timestamp": "1618034732.357493"}
{"created_at": 1618034734, "id": 418091924, "price": 6645804.0, "quantity": 0.004, "taker_side": "buy", "timestamp": "1618034734.314788"}
{"created_at": 1618034734, "id": 418091927, "price": 6645803.0, "quantity": 0.1568, "taker_side": "sell", "timestamp": "1618034734.779996"}
{"created_at": 1618034734, "id": 418091928, "price": 6645252.0, "quantity": 0.002, "taker_side": "sell", "timestamp": "1618034734.8671591"}
{"created_at": 1618034734, "id": 418091929, "price": 6644382.0, "quantity": 0.0068, "taker_side": "sell", "timestamp": "1618034734.86731"}
{"created_at": 1618034734, "id": 418091930, "price": 6644136.0, "quantity": 0.06, "taker_side": "buy", "timestamp": "1618034734.88332"}
{"created_at": 1618034736, "id": 418091933, "price": 6644137.0, "quantity": 0.004, "taker_side": "buy", "timestamp": "1618034736.171597"}
{"created_at": 1618034736, "id": 418091934, "price": 6644911.0, "quantity": 0.006, "taker_side": "buy", "timestamp": "1618034736.171669"}
{"created_at": 1618034737, "id": 418091936, "price": 6644718.0, "quantity": 0.0352, "taker_side": "buy", "timestamp": "1618034737.6056268"}
{"created_at": 1618034737, "id": 418091937, "price": 6644911.0, "quantity": 0.054, "taker_side": "buy", "timestamp": "1618034737.605686"}
{"created_at": 1618034737, "id": 418091938, "price": 6644921.0, "quantity": 0.077992, "taker_side": "buy", "timestamp": "1618034737.605739"}
{"created_at": 1618034737, "id": 418091939, "price": 6644999.0, "quantity": 0.0002, "taker_side": "buy", "timestamp": "1618034737.6058218"}
{"created_at": 1618034737, "id": 418091940, "price": 6645645.0, "quantity": 0.05528252, "taker_side": "buy", "timestamp": "1618034737.605877"}
{"created_at": 1618034737, "id": 418091941, "price": 6645803.0, "quantity": 0.01517976, "taker_side": "buy", "timestamp": "1618034737.605929"}
{"created_at": 1618034737, "id": 418091942, "price": 6646175.0, "quantity": 0.0044, "taker_side": "buy", "timestamp": "1618034737.6059809"}
{"created_at": 1618034737, "id": 418091943, "price": 6646176.0, "quantity": 0.24, "taker_side": "buy", "timestamp": "1618034737.6060328"}
{"created_at": 1618034737, "id": 418091944, "price": 6646249.0, "quantity": 0.0002, "taker_side": "buy", "timestamp": "1618034737.606095"}
{"created_at": 1618034737, "id": 418091945, "price": 6646249.0, "quantity": 0.01754572, "taker_side": "buy", "timestamp": "1618034737.60615"}
{"created_at": 1618034738, "id": 418091950, "price": 6643410.0, "quantity": 0.04, "taker_side": "sell", "timestamp": "1618034738.302641"}
{"created_at": 1618034738, "id": 418091951, "price": 6643952.0, "quantity": 0.004, "taker_side": "buy", "timestamp": "1618034738.738959"}
{"created_at": 1618034738, "id": 418091952, "price": 6644809.0, "quantity": 0.05058616, "taker_side": "buy", "timestamp": "1618034738.739079"}
{"created_at": 1618034740, "id": 418091958, "price": 6646249.0, "quantity": 0.002, "taker_side": "buy", "timestamp": "1618034740.970589"}
{"created_at": 1618034742, "id": 418091959, "price": 6644295.0, "quantity": 0.0002, "taker_side": "sell", "timestamp": "1618034742.3424"}
{"created_at": 1618034743, "id": 418091961, "price": 6644148.0, "quantity": 0.0002, "taker_side": "sell", "timestamp": "1618034743.480727"}
{"created_at": 1618034745, "id": 418091963, "price": 6646236.0, "quantity": 0.01, "taker_side": "buy", "timestamp": "1618034745.248238"}
{"created_at": 1618034746, "id": 418091967, "price": 6644357.0, "quantity": 0.04, "taker_side": "sell", "timestamp": "1618034746.356429"}
{"created_at": 1618034746, "id": 418091968, "price": 6644148.0, "quantity": 0.0038, "taker_side": "sell", "timestamp": "1618034746.356596"}
{"created_at": 1618034747, "id": 418091975, "price": 6642677.0, "quantity": 0.009996, "taker_side": "sell", "timestamp": "1618034747.277319"}
{"created_at": 1618034747, "id": 418091974, "price": 6642905.0, "quantity": 0.03, "taker_side": "sell", "timestamp": "1618034747.277259"}
{"created_at": 1618034747, "id": 418091977, "price": 6642665.0, "quantity": 0.004, "taker_side": "sell", "timestamp": "1618034747.521593"}
{"created_at": 1618034750, "id": 418091980, "price": 6641251.0, "quantity": 0.0002, "taker_side": "sell", "timestamp": "1618034750.881356"}
{"created_at": 1618034750, "id": 418091982, "price": 6640269.0, "quantity": 0.0244, "taker_side": "sell", "timestamp": "1618034750.8815"}
{"created_at": 1618034750, "id": 418091981, "price": 6640293.0, "quantity": 0.0154, "taker_side": "sell", "timestamp": "1618034750.88143"}
{"created_at": 1618034751, "id": 418091983, "price": 6642666.0, "quantity": 0.002, "taker_side": "buy", "timestamp": "1618034751.406616"}
{"created_at": 1618034751, "id": 418091985, "price": 6642501.0, "quantity": 0.0002, "taker_side": "sell", "timestamp": "1618034751.607157"}
{"created_at": 1618034751, "id": 418091986, "price": 6641543.0, "quantity": 0.01058616, "taker_side": "sell", "timestamp": "1618034751.607297"}
{"created_at": 1618034751, "id": 418091987, "price": 6641963.0, "quantity": 0.02231096, "taker_side": "sell", "timestamp": "1618034751.862862"}
{"created_at": 1618034752, "id": 418091989, "price": 6641963.0, "quantity": 0.004, "taker_side": "buy", "timestamp": "1618034752.050142"}
{"created_at": 1618034752, "id": 418091988, "price": 6641963.0, "quantity": 0.0002, "taker_side": "buy", "timestamp": "1618034752.045502"}
{"created_at": 1618034752, "id": 418091990, "price": 6640114.0, "quantity": 0.0044, "taker_side": "sell", "timestamp": "1618034752.112403"}
{"created_at": 1618034752, "id": 418091991, "price": 6640050.0, "quantity": 0.0004, "taker_side": "sell", "timestamp": "1618034752.112475"}
{"created_at": 1618034752, "id": 418091992, "price": 6640050.0, "quantity": 0.002, "taker_side": "sell", "timestamp": "1618034752.11253"}
{"created_at": 1618034752, "id": 418091993, "price": 6640050.0, "quantity": 0.0032, "taker_side": "sell", "timestamp": "1618034752.112593"}
{"created_at": 1618034753, "id": 418091994, "price": 6641916.0, "quantity": 0.02, "taker_side": "buy", "timestamp": "1618034753.1405451"}
{"created_at": 1618034753, "id": 418091995, "price": 6641917.0, "quantity": 0.0002, "taker_side": "buy", "timestamp": "1618034753.1820421"}
{"created_at": 1618034753, "id": 418091997, "price": 6640050.0, "quantity": 0.0078, "taker_side": "sell", "timestamp": "1618034753.442236"}
{"created_at": 1618034753, "id": 418091998, "price": 6640050.0, "quantity": 0.005, "taker_side": "sell", "timestamp": "1618034753.442364"}
{"created_at": 1618034753, "id": 418091999, "price": 6640050.0, "quantity": 0.0022, "taker_side": "sell", "timestamp": "1618034753.442484"}
{"created_at": 1618034753, "id": 418092000, "price": 6640050.0, "quantity": 0.002, "taker_side": "sell", "timestamp": "1618034753.442604"}
{"created_at": 1618034753, "id": 418092001, "price": 6640050.0, "quantity": 0.002, "taker_side": "sell", "timestamp": "1618034753.4427252"}
{"created_at": 1618034753, "id": 418092002, "price": 6640050.0, "quantity": 0.002, "taker_side": "sell", "timestamp": "1618034753.44284"}
{"created_at": 1618034753, "id": 418092003, "price": 6640050.0, "quantity": 0.0076, "taker_side": "sell", "timestamp": "1618034753.442951"}
{"created_at": 1618034753, "id": 418092004, "price": 6640050.0, "quantity": 0.0032, "taker_side": "sell", "timestamp": "1618034753.443098"}
{"created_at": 1618034753, "id": 418092006, "price": 6640050.0, "quantity": 0.002, "taker_side": "sell", "timestamp": "1618034753.443358"}
{"created_at": 1618034753, "id": 418092005, "price": 6640050.0, "quantity": 0.0076, "taker_side": "sell", "timestamp": "1618034753.443237"}
{"created_at": 1618034753, "id": 418092008, "price": 6640050.0, "quantity": 0.026, "taker_side": "sell", "timestamp": "1618034753.4436228"}
{"created_at": 1618034753, "id": 418092007, "price": 6640050.0, "quantity": 0.0008, "taker_side": "sell", "timestamp": "1618034753.4434812"}
{"created_at": 1618034753, "id": 418092009, "price": 6640050.0, "quantity": 0.001, "taker_side": "sell", "timestamp": "1618034753.443742"}
{"created_at": 1618034753, "id": 418092012, "price": 6640050.0, "quantity": 0.0068, "taker_side": "sell", "timestamp": "1618034753.4440918"}
{"created_at": 1618034753, "id": 418092010, "price": 6640050.0, "quantity": 0.002, "taker_side": "sell", "timestamp": "1618034753.443871"}
{"created_at": 1618034753, "id": 418092011, "price": 6640050.0, "quantity": 0.0242, "taker_side": "sell", "timestamp": "1618034753.4439821"}
{"created_at": 1618034753, "id": 418092013, "price": 6640050.0, "quantity": 0.0036, "taker_side": "sell", "timestamp": "1618034753.4442081"}
{"created_at": 1618034753, "id": 418092014, "price": 6640050.0, "quantity": 0.05, "taker_side": "sell", "timestamp": "1618034753.44432"}
{"created_at": 1618034753, "id": 418092015, "price": 6640055.0, "quantity": 0.03595318, "taker_side": "sell", "timestamp": "1618034753.6077619"}
{"created_at": 1618034753, "id": 418092017, "price": 6640055.0, "quantity": 0.0058, "taker_side": "sell", "timestamp": "1618034753.767728"}
{"created_at": 1618034753, "id": 418092019, "price": 6640763.0, "quantity": 0.0002, "taker_side": "buy", "timestamp": "1618034753.942778"}
{"created_at": 1618034754, "id": 418092020, "price": 6640758.0, "quantity": 0.02, "taker_side": "buy", "timestamp": "1618034754.040543"}
{"created_at": 1618034754, "id": 418092021, "price": 6640050.0, "quantity": 0.0004426, "taker_side": "sell", "timestamp": "1618034754.8209212"}
{"created_at": 1618034755, "id": 418092022, "price": 6640050.0, "quantity": 0.0006, "taker_side": "sell", "timestamp": "1618034755.359141"}
{"created_at": 1618034755, "id": 418092024, "price": 6640595.0, "quantity": 0.03600858, "taker_side": "buy", "timestamp": "1618034755.997998"}
{"created_at": 1618034755, "id": 418092023, "price": 6640590.0, "quantity": 0.02175318, "taker_side": "buy", "timestamp": "1618034755.997889"}
{"created_at": 1618034755, "id": 418092025, "price": 6640875.0, "quantity": 0.02, "taker_side": "buy", "timestamp": "1618034755.998102"}
{"created_at": 1618034755, "id": 418092027, "price": 6641687.0, "quantity": 0.1568, "taker_side": "buy", "timestamp": "1618034755.998355"}
{"created_at": 1618034755, "id": 418092026, "price": 6641331.0, "quantity": 0.0044, "taker_side": "buy", "timestamp": "1618034755.998207"}
{"created_at": 1618034755, "id": 418092028, "price": 6641907.0, "quantity": 0.01, "taker_side": "buy", "timestamp": "1618034755.9984782"}
{"created_at": 1618034756, "id": 418092029, "price": 6642666.0, "quantity": 0.002, "taker_side": "buy", "timestamp": "1618034756.138442"}
{"created_at": 1618034758, "id": 418092031, "price": 6643504.0, "quantity": 0.032, "taker_side": "sell", "timestamp": "1618034758.167122"}
{"created_at": 1618034758, "id": 418092033, "price": 6643735.0, "quantity": 0.004, "taker_side": "buy", "timestamp": "1618034758.2821782"}
{"created_at": 1618034758, "id": 418092034, "price": 6644223.0, "quantity": 0.03601064, "taker_side": "buy", "timestamp": "1618034758.282288"}
{"created_at": 1618034758, "id": 418092035, "price": 6644229.0, "quantity": 0.01037558, "taker_side": "buy", "timestamp": "1618034758.282398"}
{"created_at": 1618034758, "id": 418092043, "price": 6644230.0, "quantity": 0.00717558, "taker_side": "buy", "timestamp": "1618034758.4142258"}
{"created_at": 1618034758, "id": 418092045, "price": 6644230.0, "quantity": 0.01, "taker_side": "buy", "timestamp": "1618034758.456071"}
{"created_at": 1618034758, "id": 418092042, "price": 6644229.0, "quantity": 0.00282442, "taker_side": "buy", "timestamp": "1618034758.414166"}
{"created_at": 1618034760, "id": 418092054, "price": 6646085.0, "quantity": 0.002, "taker_side": "buy", "timestamp": "1618034760.355399"}
{"created_at": 1618034760, "id": 418092055, "price": 6642130.0, "quantity": 0.004, "taker_side": "sell", "timestamp": "1618034760.369974"}
{"created_at": 1618034760, "id": 418092057, "price": 6641792.0, "quantity": 0.029804, "taker_side": "sell", "timestamp": "1618034760.3701172"}
{"created_at": 1618034760, "id": 418092056, "price": 6641793.0, "quantity": 0.02, "taker_side": "sell", "timestamp": "1618034760.3700612"}
{"created_at": 1618034760, "id": 418092058, "price": 6641598.0, "quantity": 0.00619, "taker_side": "sell", "timestamp": "1618034760.3701718"}
{"created_at": 1618034762, "id": 418092062, "price": 6641599.0, "quantity": 0.0002, "taker_side": "sell", "timestamp": "1618034762.9290838"}
{"created_at": 1618034765, "id": 418092064, "price": 6641599.0, "quantity": 0.02162024, "taker_side": "sell", "timestamp": "1618034765.790529"}
{"created_at": 1618034766, "id": 418092066, "price": 6642395.0, "quantity": 0.00619, "taker_side": "buy", "timestamp": "1618034766.112253"}
{"created_at": 1618034766, "id": 418092067, "price": 6642400.0, "quantity": 0.01381, "taker_side": "buy", "timestamp": "1618034766.112368"}
{"created_at": 1618034767, "id": 418092073, "price": 6640610.0, "quantity": 0.0192, "taker_side": "sell", "timestamp": "1618034767.3639529"}
{"created_at": 1618034768, "id": 418092074, "price": 6641568.0, "quantity": 0.006, "taker_side": "buy", "timestamp": "1618034768.2256892"}
{"created_at": 1618034769, "id": 418092076, "price": 6641568.0, "quantity": 0.002, "taker_side": "buy", "timestamp": "1618034769.127553"}
{"created_at": 1618034770, "id": 418092078, "price": 6641492.0, "quantity": 0.04, "taker_side": "buy", "timestamp": "1618034770.253176"}
{"created_at": 1618034770, "id": 418092079, "price": 6641592.0, "quantity": 0.03595318, "taker_side": "buy", "timestamp": "1618034770.253248"}
{"created_at": 1618034770, "id": 418092081, "price": 6641598.0, "quantity": 0.03600858, "taker_side": "buy", "timestamp": "1618034770.253383"}
{"created_at": 1618034770, "id": 418092080, "price": 6641597.0, "quantity": 0.02, "taker_side": "buy", "timestamp": "1618034770.253319"}
{"created_at": 1618034770, "id": 418092082, "price": 6641598.0, "quantity": 0.03595894, "taker_side": "buy", "timestamp": "1618034770.253435"}
{"created_at": 1618034770, "id": 418092083, "price": 6641699.0, "quantity": 0.07911312, "taker_side": "buy", "timestamp": "1618034770.253488"}
{"created_at": 1618034770, "id": 418092084, "price": 6641715.0, "quantity": 0.09022358, "taker_side": "buy", "timestamp": "1618034770.253567"}
{"created_at": 1618034770, "id": 418092087, "price": 6642792.0, "quantity": 0.004, "taker_side": "buy", "timestamp": "1618034770.2537448"}
{"created_at": 1618034770, "id": 418092085, "price": 6642259.0, "quantity": 0.0066, "taker_side": "buy", "timestamp": "1618034770.2536268"}
{"created_at": 1618034770, "id": 418092086, "price": 6642499.0, "quantity": 0.0002, "taker_side": "buy", "timestamp": "1618034770.253685"}
{"created_at": 1618034770, "id": 418092088, "price": 6642857.0, "quantity": 0.0659426, "taker_side": "buy", "timestamp": "1618034770.253797"}
{"created_at": 1618034771, "id": 418092093, "price": 6640610.0, "quantity": 0.039996, "taker_side": "sell", "timestamp": "1618034771.868905"}
{"created_at": 1618034772, "id": 418092094, "price": 6640610.0, "quantity": 0.02, "taker_side": "sell", "timestamp": "1618034772.852891"}
{"created_at": 1618034772, "id": 418092096, "price": 6640610.0, "quantity": 0.000804, "taker_side": "sell", "timestamp": "1618034772.962671"}
{"created_at": 1618034773, "id": 418092097, "price": 6640050.0, "quantity": 0.0627574, "taker_side": "sell", "timestamp": "1618034773.09993"}
{"created_at": 1618034773, "id": 418092098, "price": 6640050.0, "quantity": 0.0076, "taker_side": "sell", "timestamp": "1618034773.10005"}
{"created_at": 1618034773, "id": 418092099, "price": 6640050.0, "quantity": 0.0088, "taker_side": "sell", "timestamp": "1618034773.100163"}
{"created_at": 1618034773, "id": 418092100, "price": 6640050.0, "quantity": 0.018, "taker_side": "sell", "timestamp": "1618034773.100321"}
{"created_at": 1618034773, "id": 418092102, "price": 6640050.0, "quantity": 0.0034, "taker_side": "sell", "timestamp": "1618034773.1005619"}
{"created_at": 1618034773, "id": 418092101, "price": 6640050.0, "quantity": 0.002, "taker_side": "sell", "timestamp": "1618034773.100445"}
{"created_at": 1618034773, "id": 418092103, "price": 6640050.0, "quantity": 0.0132, "taker_side": "sell", "timestamp": "1618034773.100675"}
{"created_at": 1618034773, "id": 418092104, "price": 6640050.0, "quantity": 0.002, "taker_side": "sell", "timestamp": "1618034773.100786"}
{"created_at": 1618034773, "id": 418092105, "price": 6640050.0, "quantity": 0.0124, "taker_side": "sell", "timestamp": "1618034773.1009011"}
{"created_at": 1618034773, "id": 418092106, "price": 6640050.0, "quantity": 0.0014, "taker_side": "sell", "timestamp": "1618034773.101015"}
{"created_at": 1618034773, "id": 418092107, "price": 6640050.0, "quantity": 0.0032, "taker_side": "sell", "timestamp": "1618034773.101132"}
{"created_at": 1618034773, "id": 418092108, "price": 6640050.0, "quantity": 0.002, "taker_side": "sell", "timestamp": "1618034773.1012428"}
{"created_at": 1618034773, "id": 418092109, "price": 6640050.0, "quantity": 0.002, "taker_side": "sell", "timestamp": "1618034773.101353"}
{"created_at": 1618034773, "id": 418092110, "price": 6640050.0, "quantity": 0.0004, "taker_side": "sell", "timestamp": "1618034773.1014662"}
{"created_at": 1618034773, "id": 418092111, "price": 6640050.0, "quantity": 0.0004, "taker_side": "sell", "timestamp": "1618034773.101578"}
{"created_at": 1618034773, "id": 418092112, "price": 6640050.0, "quantity": 0.0008, "taker_side": "sell", "timestamp": "1618034773.1016982"}
{"created_at": 1618034773, "id": 418092113, "price": 6640050.0, "quantity": 0.0022, "taker_side": "sell", "timestamp": "1618034773.1018088"}
{"created_at": 1618034773, "id": 418092117, "price": 6640050.0, "quantity": 0.002, "taker_side": "sell", "timestamp": "1618034773.102269"}
{"created_at": 1618034773, "id": 418092114, "price": 6640050.0, "quantity": 0.0066, "taker_side": "sell", "timestamp": "1618034773.10192"}
{"created_at": 1618034773, "id": 418092115, "price": 6640050.0, "quantity": 0.002, "taker_side": "sell", "timestamp": "1618034773.102046"}
{"created_at": 1618034773, "id": 418092118, "price": 6640050.0, "quantity": 0.0008, "taker_side": "sell", "timestamp": "1618034773.102379"}
{"created_at": 1618034773, "id": 418092119, "price": 6640050.0, "quantity": 0.00512146, "taker_side": "sell", "timestamp": "1618034773.1024902"}
{"created_at": 1618034773, "id": 418092116, "price": 6640050.0, "quantity": 0.002, "taker_side": "sell", "timestamp": "1618034773.102158"}
{"created_at": 1618034773, "id": 418092123, "price": 6640050.0, "quantity": 0.001, "taker_side": "sell", "timestamp": "1618034773.125172"}
{"created_at": 1618034773, "id": 418092120, "price": 6640050.0, "quantity": 0.00967854, "taker_side": "sell", "timestamp": "1618034773.124765"}
{"created_at": 1618034773, "id": 418092121, "price": 6640050.0, "quantity": 0.005, "taker_side": "sell", "timestamp": "1618034773.124916"}
{"created_at": 1618034773, "id": 418092124, "price": 6640050.0, "quantity": 0.0008, "taker_side": "sell", "timestamp": "1618034773.1253"}
{"created_at": 1618034773, "id": 418092122, "price": 6640050.0, "quantity": 0.0006, "taker_side": "sell", "timestamp": "1618034773.125046"}
{"created_at": 1618034773, "id": 418092129, "price": 6639690.0, "quantity": 0.05038622, "taker_side": "sell", "timestamp": "1618034773.1982589"}
{"created_at": 1618034773, "id": 418092134, "price": 6639690.0, "quantity": 0.0008, "taker_side": "sell", "timestamp": "1618034773.258504"}
{"created_at": 1618034773, "id": 418092127, "price": 6640001.0, "quantity": 0.0002, "taker_side": "sell", "timestamp": "1618034773.142821"}
{"created_at": 1618034773, "id": 418092126, "price": 6640050.0, "quantity": 0.0272, "taker_side": "sell", "timestamp": "1618034773.125555"}
{"created_at": 1618034773, "id": 418092131, "price": 6639690.0, "quantity": 0.0018, "taker_side": "sell", "timestamp": "1618034773.258108"}
{"created_at": 1618034773, "id": 418092136, "price": 6639690.0, "quantity": 0.022, "taker_side": "sell", "timestamp": "1618034773.2587981"}
{"created_at": 1618034773, "id": 418092132, "price": 6639690.0, "quantity": 0.0044, "taker_side": "sell", "timestamp": "1618034773.258255"}
{"created_at": 1618034773, "id": 418092139, "price": 6639690.0, "quantity": 0.0026, "taker_side": "sell", "timestamp": "1618034773.259198"}
{"created_at": 1618034773, "id": 418092137, "price": 6639690.0, "quantity": 0.0082, "taker_side": "sell", "timestamp": "1618034773.25892"}
{"created_at": 1618034773, "id": 418092142, "price": 6639690.0, "quantity": 0.001, "taker_side": "sell", "timestamp": "1618034773.259547"}
{"created_at": 1618034773, "id": 418092125, "price": 6640050.0, "quantity": 0.0064, "taker_side": "sell", "timestamp": "1618034773.1254241"}
{"created_at": 1618034773, "id": 418092144, "price": 6639690.0, "quantity": 0.002, "taker_side": "sell", "timestamp": "1618034773.259777"}
{"created_at": 1618034773, "id": 418092149, "price": 6638451.0, "quantity": 0.001, "taker_side": "sell", "timestamp": "1618034773.326963"}
{"created_at": 1618034773, "id": 418092147, "price": 6638752.0, "quantity": 0.0088, "taker_side": "sell", "timestamp": "1618034773.326845"}
{"created_at": 1618034773, "id": 418092141, "price": 6639690.0, "quantity": 0.0006, "taker_side": "sell", "timestamp": "1618034773.259425"}
{"created_at": 1618034773, "id": 418092146, "price": 6639690.0, "quantity": 0.0138, "taker_side": "sell", "timestamp": "1618034773.260003"}
{"created_at": 1618034773, "id": 418092135, "price": 6639690.0, "quantity": 0.002, "taker_side": "sell", "timestamp": "1618034773.2586648"}
{"created_at": 1618034773, "id": 418092145, "price": 6639690.0, "quantity": 0.0028, "taker_side": "sell", "timestamp": "1618034773.2598898"}
{"created_at": 1618034773, "id": 418092130, "price": 6639690.0, "quantity": 0.02041378, "taker_side": "sell", "timestamp": "1618034773.257888"}
{"created_at": 1618034773, "id": 418092140, "price": 6639690.0, "quantity": 0.0022, "taker_side": "sell", "timestamp": "1618034773.2593122"}
{"created_at": 1618034773, "id": 418092128, "price": 6640000.0, "quantity": 0.0926171, "taker_side": "sell", "timestamp": "1618034773.1429539"}
{"created_at": 1618034773, "id": 418092133, "price": 6639690.0, "quantity": 0.0024, "taker_side": "sell", "timestamp": "1618034773.2583911"}
{"created_at": 1618034773, "id": 418092138, "price": 6639690.0, "quantity": 0.0708, "taker_side": "sell", "timestamp": "1618034773.259059"}
{"created_at": 1618034773, "id": 418092143, "price": 6639690.0, "quantity": 0.0006, "taker_side": "sell", "timestamp": "1618034773.259659"}
{"created_at": 1618034773, "id": 418092148, "price": 6638751.0, "quantity": 0.0002, "taker_side": "sell", "timestamp": "1618034773.3269088"}
{"created_at": 1618034774, "id": 418092150, "price": 6638235.0, "quantity": 0.004, "taker_side": "sell", "timestamp": "1618034774.0546439"}
{"created_at": 1618034774, "id": 418092151, "price": 6637501.0, "quantity": 0.0002, "taker_side": "sell", "timestamp": "1618034774.0547059"}
{"created_at": 1618034774, "id": 418092153, "price": 6637418.0, "quantity": 0.0048, "taker_side": "sell", "timestamp": "1618034774.054831"}
{"created_at": 1618034774, "id": 418092152, "price": 6637501.0, "quantity": 0.131, "taker_side": "sell", "timestamp": "1618034774.0547662"}
{"created_at": 1618034776, "id": 418092161, "price": 6637489.0, "quantity": 0.006, "taker_side": "sell", "timestamp": "1618034776.262049"}
{"created_at": 1618034776, "id": 418092162, "price": 6637295.0, "quantity": 0.044, "taker_side": "sell", "timestamp": "1618034776.262122"}
{"created_at": 1618034777, "id": 418092163, "price": 6639224.0, "quantity": 0.002, "taker_side": "buy", "timestamp": "1618034777.859993"}
{"created_at": 1618034777, "id": 418092164, "price": 6640575.0, "quantity": 0.002, "taker_side": "buy", "timestamp": "1618034777.8600519"}
{"created_at": 1618034777, "id": 418092165, "price": 6640581.0, "quantity": 0.01941834, "taker_side": "buy", "timestamp": "1618034777.860105"}
{"created_at": 1618034777, "id": 418092166, "price": 6641549.0, "quantity": 0.004, "taker_side": "buy", "timestamp": "1618034777.86018"}
{"created_at": 1618034777, "id": 418092169, "price": 6642269.0, "quantity": 0.02862726, "taker_side": "buy", "timestamp": "1618034777.860446"}
{"created_at": 1618034777, "id": 418092168, "price": 6642010.0, "quantity": 0.098, "taker_side": "buy", "timestamp": "1618034777.860388"}
{"created_at": 1618034777, "id": 418092170, "price": 6642429.0, "quantity": 0.1557544, "taker_side": "buy", "timestamp": "1618034777.860499"}
{"created_at": 1618034777, "id": 418092167, "price": 6642009.0, "quantity": 0.0902, "taker_side": "buy", "timestamp": "1618034777.860277"}
{"created_at": 1618034778, "id": 418092176, "price": 6640680.0, "quantity": 0.002, "taker_side": "buy", "timestamp": "1618034778.174481"}
{"created_at": 1618034782, "id": 418092178, "price": 6638749.0, "quantity": 0.0002, "taker_side": "buy", "timestamp": "1618034782.1093361"}
{"created_at": 1618034782, "id": 418092180, "price": 6639781.0, "quantity": 0.04, "taker_side": "sell", "timestamp": "1618034782.219618"}
{"created_at": 1618034783, "id": 418092183, "price": 6639999.0, "quantity": 0.0002, "taker_side": "buy", "timestamp": "1618034783.615674"}
{"created_at": 1618034785, "id": 418092185, "price": 6640680.0, "quantity": 0.0042, "taker_side": "buy", "timestamp": "1618034785.639123"}
{"created_at": 1618034785, "id": 418092187, "price": 6642074.0, "quantity": 0.0359541, "taker_side": "buy", "timestamp": "1618034785.6392782"}
{"created_at": 1618034785, "id": 418092186, "price": 6641249.0, "quantity": 0.0002, "taker_side": "buy", "timestamp": "1618034785.63922"}
{"created_at": 1618034785, "id": 418092188, "price": 6642757.0, "quantity": 0.01, "taker_side": "buy", "timestamp": "1618034785.63936"}
{"created_at": 1618034785, "id": 418092190, "price": 6643465.0, "quantity": 0.097, "taker_side": "buy", "timestamp": "1618034785.639476"}
{"created_at": 1618034785, "id": 418092189, "price": 6642851.0, "quantity": 0.24, "taker_side": "buy", "timestamp": "1618034785.6394172"}
{"created_at": 1618034785, "id": 418092191, "price": 6643537.0, "quantity": 0.0126459, "taker_side": "buy", "timestamp": "1618034785.6395352"}
{"created_at": 1618034787, "id": 418092193, "price": 6643515.0, "quantity": 0.002, "taker_side": "buy", "timestamp": "1618034787.152268"}
{"created_at": 1618034794, "id": 418092203, "price": 6643462.0, "quantity": 0.002, "taker_side": "buy", "timestamp": "1618034794.071125"}
{"created_at": 1618034794, "id": 418092207, "price": 6645239.0, "quantity": 0.24, "taker_side": "buy", "timestamp": "1618034794.071384"}
{"created_at": 1618034794, "id": 418092208, "price": 6645661.0, "quantity": 0.011, "taker_side": "buy", "timestamp": "1618034794.07148"}
{"created_at": 1618034794, "id": 418092204, "price": 6643749.0, "quantity": 0.0002, "taker_side": "buy", "timestamp": "1618034794.071211"}
{"created_at": 1618034794, "id": 418092209, "price": 6645662.0, "quantity": 0.1418, "taker_side": "buy", "timestamp": "1618034794.071535"}
{"created_at": 1618034794, "id": 418092206, "price": 6645167.0, "quantity": 0.1648, "taker_side": "buy", "timestamp": "1618034794.071318"}
{"created_at": 1618034794, "id": 418092205, "price": 6644999.0, "quantity": 0.0002, "taker_side": "buy", "timestamp": "1618034794.071265"}
{"created_at": 1618034795, "id": 418092212, "price": 6642825.0, "quantity": 0.006, "taker_side": "sell", "timestamp": "1618034795.407816"}
{"created_at": 1618034795, "id": 418092213, "price": 6642619.0, "quantity": 0.014, "taker_side": "sell", "timestamp": "1618034795.407897"}
{"created_at": 1618034796, "id": 418092214, "price": 6644669.0, "quantity": 0.002, "taker_side": "buy", "timestamp": "1618034796.137411"}
{"created_at": 1618034801, "id": 418092218, "price": 6642902.0, "quantity": 0.006, "taker_side": "sell", "timestamp": "1618034801.8451872"}
{"created_at": 1618034801, "id": 418092219, "price": 6642689.0, "quantity": 0.013998, "taker_side": "sell", "timestamp": "1618034801.845263"}
{"created_at": 1618034805, "id": 418092220, "price": 6644799.0, "quantity": 0.002, "taker_side": "buy", "timestamp": "1618034805.201789"}
{"created_at": 1618034810, "id": 418092221, "price": 6644334.0, "quantity": 0.01, "taker_side": "buy", "timestamp": "1618034810.29454"}
{"created_at": 1618034811, "id": 418092223, "price": 6643810.0, "quantity": 0.04, "taker_side": "sell", "timestamp": "1618034811.50854"}
{"created_at": 1618034814, "id": 418092225, "price": 6644655.0, "quantity": 0.002, "taker_side": "buy", "timestamp": "1618034814.0744588"}
{"created_at": 1618034820, "id": 418092226, "price": 6644710.0, "quantity": 0.001, "taker_side": "buy", "timestamp": "1618034820.0525498"}
{"created_at": 1618034823, "id": 418092228, "price": 6644231.0, "quantity": 0.002, "taker_side": "buy", "timestamp": "1618034823.136142"}
{"created_at": 1618034824, "id": 418092230, "price": 6644232.0, "quantity": 0.1644, "taker_side": "buy", "timestamp": "1618034824.479465"}
{"created_at": 1618034824, "id": 418092229, "price": 6643967.0, "quantity": 0.0988, "taker_side": "buy", "timestamp": "1618034824.4793322"}
{"created_at": 1618034832, "id": 418092233, "price": 6645832.0, "quantity": 0.002, "taker_side": "buy", "timestamp": "1618034832.286465"}
{"created_at": 1618034832, "id": 418092234, "price": 6643968.0, "quantity": 0.01917784, "taker_side": "sell", "timestamp": "1618034832.537575"}
{"created_at": 1618034841, "id": 418092238, "price": 6645986.0, "quantity": 0.002, "taker_side": "buy", "timestamp": "1618034841.35392"}
