{"created_at": 1618026936, "id": 418049550, "price": 6487331.0, "quantity": 0.048, "taker_side": "sell", "timestamp": "1618026936.5026948"}
{"created_at": 1618026939, "id": 418049564, "price": 6487377.0, "quantity": 0.0034, "taker_side": "sell", "timestamp": "1618026939.7555552"}
{"created_at": 1618026945, "id": 418049572, "price": 6488135.0, "quantity": 0.024, "taker_side": "sell", "timestamp": "1618026945.239769"}
{"created_at": 1618026945, "id": 418049573, "price": 6488136.0, "quantity": 0.0594, "taker_side": "sell", "timestamp": "1618026945.6157792"}
{"created_at": 1618026945, "id": 418049574, "price": 6488135.0, "quantity": 0.0366, "taker_side": "sell", "timestamp": "1618026945.6158998"}
{"created_at": 1618026945, "id": 418049575, "price": 6488135.0, "quantity": 0.096, "taker_side": "sell", "timestamp": "1618026945.868557"}
{"created_at": 1618026946, "id": 418049576, "price": 6488114.0, "quantity": 0.096, "taker_side": "sell", "timestamp": "1618026946.1371672"}
{"created_at": 1618026946, "id": 418049577, "price": 6487647.0, "quantity": 0.0183604, "taker_side": "sell", "timestamp": "1618026946.385196"}
{"created_at": 1618026946, "id": 418049578, "price": 6487551.0, "quantity": 0.06, "taker_side": "sell", "timestamp": "1618026946.3853178"}
{"created_at": 1618026946, "id": 418049579, "price": 6487546.0, "quantity": 0.0176396, "taker_side": "sell", "timestamp": "1618026946.3854332"}
{"created_at": 1618026946, "id": 418049583, "price": 6487541.0, "quantity": 0.0704, "taker_side": "sell", "timestamp": "1618026946.632812"}
{"created_at": 1618026946, "id": 418049582, "price": 6487545.0, "quantity": 0.0183607, "taker_side": "sell", "timestamp": "1618026946.632688"}
{"created_at": 1618026946, "id": 418049584, "price": 6487540.0, "quantity": 0.0072393, "taker_side": "sell", "timestamp": "1618026946.632927"}
{"created_at": 1618026946, "id": 418049586, "price": 6487656.0, "quantity": 0.02, "taker_side": "sell", "timestamp": "1618026946.856412"}
{"created_at": 1618026946, "id": 418049587, "price": 6487400.0, "quantity": 0.01836948, "taker_side": "sell", "timestamp": "1618026946.856535"}
{"created_at": 1618026946, "id": 418049588, "price": 6487139.0, "quantity": 0.05763052, "taker_side": "sell", "timestamp": "1618026946.856677"}
{"created_at": 1618026947, "id": 418049590, "price": 6486769.0, "quantity": 0.096, "taker_side": "sell", "timestamp": "1618026947.093884"}
{"created_at": 1618026947, "id": 418049591, "price": 6486769.0, "quantity": 0.0052, "taker_side": "sell", "timestamp": "1618026947.313115"}
{"created_at": 1618026947, "id": 418049592, "price": 6486768.0, "quantity": 0.0908, "taker_side": "sell", "timestamp": "1618026947.31324"}
{"created_at": 1618026947, "id": 418049593, "price": 6486768.0, "quantity": 0.096, "taker_side": "sell", "timestamp": "1618026947.572099"}
{"created_at": 1618026947, "id": 418049594, "price": 6486768.0, "quantity": 0.096, "taker_side": "sell", "timestamp": "1618026947.815813"}
{"created_at": 1618026947, "id": 418049595, "price": 6486768.0, "quantity": 0.01, "taker_side": "sell", "timestamp": "1618026947.916818"}
{"created_at": 1618026947, "id": 418049596, "price": 6486768.0, "quantity": 0.01, "taker_side": "sell", "timestamp": "1618026947.955489"}
{"created_at": 1618026948, "id": 418049597, "price": 6486768.0, "quantity": 0.096, "taker_side": "sell", "timestamp": "1618026948.044043"}
{"created_at": 1618026948, "id": 418049598, "price": 6486768.0, "quantity": 0.096, "taker_side": "sell", "timestamp": "1618026948.286571"}
{"created_at": 1618026948, "id": 418049599, "price": 6486768.0, "quantity": 0.04993676, "taker_side": "sell", "timestamp": "1618026948.323543"}
{"created_at": 1618026948, "id": 418049602, "price": 6486768.0, "quantity": 0.096, "taker_side": "sell", "timestamp": "1618026948.515863"}
{"created_at": 1618026948, "id": 418049603, "price": 6486768.0, "quantity": 0.096, "taker_side": "sell", "timestamp": "1618026948.754197"}
{"created_at": 1618026949, "id": 418049604, "price": 6486768.0, "quantity": 0.096, "taker_side": "sell", "timestamp": "1618026949.000281"}
{"created_at": 1618026949, "id": 418049605, "price": 6486258.0, "quantity": 0.0286, "taker_side": "sell", "timestamp": "1618026949.306498"}
{"created_at": 1618026949, "id": 418049608, "price": 6485620.0, "quantity": 0.020904, "taker_side": "sell", "timestamp": "1618026949.306866"}
{"created_at": 1618026949, "id": 418049606, "price": 6486251.0, "quantity": 0.0004, "taker_side": "sell", "timestamp": "1618026949.3066251"}
{"created_at": 1618026949, "id": 418049607, "price": 6485920.0, "quantity": 0.000504, "taker_side": "sell", "timestamp": "1618026949.306751"}
{"created_at": 1618026949, "id": 418049610, "price": 6485403.0, "quantity": 0.04148936, "taker_side": "sell", "timestamp": "1618026949.307094"}
{"created_at": 1618026949, "id": 418049609, "price": 6485571.0, "quantity": 0.00410264, "taker_side": "sell", "timestamp": "1618026949.306981"}
{"created_at": 1618026949, "id": 418049612, "price": 6485001.0, "quantity": 0.0004, "taker_side": "sell", "timestamp": "1618026949.5915542"}
{"created_at": 1618026949, "id": 418049613, "price": 6485001.0, "quantity": 0.0956, "taker_side": "sell", "timestamp": "1618026949.5916731"}
{"created_at": 1618026949, "id": 418049614, "price": 6485322.0, "quantity": 0.006, "taker_side": "sell", "timestamp": "1618026949.8486001"}
{"created_at": 1618026949, "id": 418049616, "price": 6484800.0, "quantity": 0.000504, "taker_side": "sell", "timestamp": "1618026949.8488479"}
{"created_at": 1618026949, "id": 418049617, "price": 6484760.0, "quantity": 0.047696, "taker_side": "sell", "timestamp": "1618026949.8489752"}
{"created_at": 1618026949, "id": 418049615, "price": 6485002.0, "quantity": 0.0418, "taker_side": "sell", "timestamp": "1618026949.848722"}
{"created_at": 1618026950, "id": 418049618, "price": 6484359.0, "quantity": 0.096, "taker_side": "sell", "timestamp": "1618026950.136582"}
{"created_at": 1618026950, "id": 418049619, "price": 6484359.0, "quantity": 0.036, "taker_side": "sell", "timestamp": "1618026950.378059"}
{"created_at": 1618026950, "id": 418049620, "price": 6484358.0, "quantity": 0.06, "taker_side": "sell", "timestamp": "1618026950.378203"}
{"created_at": 1618026954, "id": 418049629, "price": 6483758.0, "quantity": 0.01836306, "taker_side": "sell", "timestamp": "1618026954.12743"}
{"created_at": 1618026954, "id": 418049631, "price": 6483751.0, "quantity": 0.01123694, "taker_side": "sell", "timestamp": "1618026954.1275442"}
{"created_at": 1618026954, "id": 418049630, "price": 6483751.0, "quantity": 0.0004, "taker_side": "sell", "timestamp": "1618026954.12749"}
{"created_at": 1618026957, "id": 418049635, "price": 6486521.0, "quantity": 0.014, "taker_side": "buy", "timestamp": "1618026957.090278"}
{"created_at": 1618026957, "id": 418049636, "price": 6486557.0, "quantity": 0.002, "taker_side": "buy", "timestamp": "1618026957.090399"}
{"created_at": 1618026957, "id": 418049637, "price": 6486741.0, "quantity": 0.01, "taker_side": "buy", "timestamp": "1618026957.090505"}
{"created_at": 1618026957, "id": 418049638, "price": 6487526.0, "quantity": 0.06, "taker_side": "buy", "timestamp": "1618026957.090612"}
{"created_at": 1618026957, "id": 418049639, "price": 6487531.0, "quantity": 0.114, "taker_side": "buy", "timestamp": "1618026957.09073"}
{"created_at": 1618026959, "id": 418049643, "price": 6486559.0, "quantity": 0.002, "taker_side": "buy", "timestamp": "1618026959.035091"}
{"created_at": 1618026960, "id": 418049645, "price": 6486026.0, "quantity": 0.006, "taker_side": "buy", "timestamp": "1618026960.2018838"}
{"created_at": 1618026960, "id": 418049646, "price": 6486249.0, "quantity": 0.0004, "taker_side": "buy", "timestamp": "1618026960.20204"}
{"created_at": 1618026960, "id": 418049647, "price": 6487499.0, "quantity": 0.0004, "taker_side": "buy", "timestamp": "1618026960.202147"}
{"created_at": 1618026960, "id": 418049648, "price": 6487529.0, "quantity": 0.0332, "taker_side": "buy", "timestamp": "1618026960.202249"}
{"created_at": 1618026960, "id": 418049650, "price": 6487529.0, "quantity": 0.002, "taker_side": "buy", "timestamp": "1618026960.344367"}
{"created_at": 1618026961, "id": 418049654, "price": 6484999.0, "quantity": 0.0004, "taker_side": "buy", "timestamp": "1618026961.34609"}
{"created_at": 1618026961, "id": 418049656, "price": 6487529.0, "quantity": 0.0016, "taker_side": "buy", "timestamp": "1618026961.3462021"}
{"created_at": 1618026961, "id": 418049655, "price": 6487528.0, "quantity": 0.02, "taker_side": "buy", "timestamp": "1618026961.3461492"}
{"created_at": 1618026961, "id": 418049657, "price": 6487529.0, "quantity": 0.04, "taker_side": "buy", "timestamp": "1618026961.389075"}
{"created_at": 1618026966, "id": 418049658, "price": 6486880.0, "quantity": 0.0062, "taker_side": "buy", "timestamp": "1618026966.663687"}
{"created_at": 1618026966, "id": 418049659, "price": 6487527.0, "quantity": 0.02, "taker_side": "buy", "timestamp": "1618026966.6638138"}
{"created_at": 1618026967, "id": 418049665, "price": 6488160.0, "quantity": 0.000504, "taker_side": "buy", "timestamp": "1618026967.452705"}
{"created_at": 1618026967, "id": 418049666, "price": 6488701.0, "quantity": 0.001496, "taker_side": "buy", "timestamp": "1618026967.452765"}
{"created_at": 1618026968, "id": 418049674, "price": 6488706.0, "quantity": 0.0716, "taker_side": "buy", "timestamp": "1618026968.606357"}
{"created_at": 1618026971, "id": 418049675, "price": 6488749.0, "quantity": 0.0004, "taker_side": "buy", "timestamp": "1618026971.629438"}
{"created_at": 1618026971, "id": 418049676, "price": 6489280.0, "quantity": 0.000504, "taker_side": "buy", "timestamp": "1618026971.629548"}
{"created_at": 1618026973, "id": 418049677, "price": 6489999.0, "quantity": 0.0004, "taker_side": "buy", "timestamp": "1618026973.157027"}
{"created_at": 1618026973, "id": 418049678, "price": 6490000.0, "quantity": 0.002, "taker_side": "buy", "timestamp": "1618026973.157142"}
{"created_at": 1618026973, "id": 418049680, "price": 6490400.0, "quantity": 0.000504, "taker_side": "buy", "timestamp": "1618026973.1573918"}
{"created_at": 1618026973, "id": 418049679, "price": 6490000.0, "quantity": 0.002, "taker_side": "buy", "timestamp": "1618026973.157245"}
{"created_at": 1618026973, "id": 418049681, "price": 6491249.0, "quantity": 0.0004, "taker_side": "buy", "timestamp": "1618026973.210877"}
{"created_at": 1618026973, "id": 418049682, "price": 6491516.0, "quantity": 0.0016, "taker_side": "buy", "timestamp": "1618026973.210957"}
{"created_at": 1618026973, "id": 418049689, "price": 6491516.0, "quantity": 0.02839982, "taker_side": "buy", "timestamp": "1618026973.9410071"}
{"created_at": 1618026973, "id": 418049688, "price": 6491324.0, "quantity": 0.0238, "taker_side": "buy", "timestamp": "1618026973.940932"}
{"created_at": 1618026973, "id": 418049691, "price": 6492121.0, "quantity": 0.004, "taker_side": "buy", "timestamp": "1618026973.941122"}
{"created_at": 1618026973, "id": 418049690, "price": 6491520.0, "quantity": 0.000504, "taker_side": "buy", "timestamp": "1618026973.94107"}
{"created_at": 1618026973, "id": 418049692, "price": 6492499.0, "quantity": 0.0004, "taker_side": "buy", "timestamp": "1618026973.941173"}
{"created_at": 1618026973, "id": 418049693, "price": 6492640.0, "quantity": 0.000504, "taker_side": "buy", "timestamp": "1618026973.941228"}
{"created_at": 1618026973, "id": 418049694, "price": 6493117.0, "quantity": 0.04239218, "taker_side": "buy", "timestamp": "1618026973.9412842"}
{"created_at": 1618026974, "id": 418049701, "price": 6491263.0, "quantity": 0.0002, "taker_side": "buy", "timestamp": "1618026974.378735"}
{"created_at": 1618026974, "id": 418049702, "price": 6493100.0, "quantity": 0.002, "taker_side": "buy", "timestamp": "1618026974.750241"}
{"created_at": 1618026975, "id": 418049703, "price": 6490958.0, "quantity": 0.002, "taker_side": "sell", "timestamp": "1618026975.792583"}
{"created_at": 1618026977, "id": 418049704, "price": 6492972.0, "quantity": 0.004, "taker_side": "buy", "timestamp": "1618026977.460716"}
{"created_at": 1618026977, "id": 418049705, "price": 6493106.0, "quantity": 0.01836306, "taker_side": "buy", "timestamp": "1618026977.4607759"}
{"created_at": 1618026977, "id": 418049706, "price": 6493749.0, "quantity": 0.0004, "taker_side": "buy", "timestamp": "1618026977.460829"}
{"created_at": 1618026977, "id": 418049709, "price": 6494144.0, "quantity": 0.07273294, "taker_side": "buy", "timestamp": "1618026977.4610078"}
{"created_at": 1618026977, "id": 418049707, "price": 6493760.0, "quantity": 0.000504, "taker_side": "buy", "timestamp": "1618026977.460882"}
{"created_at": 1618026977, "id": 418049708, "price": 6493907.0, "quantity": 0.004, "taker_side": "buy", "timestamp": "1618026977.460934"}
{"created_at": 1618026978, "id": 418049716, "price": 6492914.0, "quantity": 0.00462288, "taker_side": "buy", "timestamp": "1618026978.4068182"}
{"created_at": 1618026978, "id": 418049718, "price": 6492914.0, "quantity": 0.00467506, "taker_side": "buy", "timestamp": "1618026978.4995358"}
{"created_at": 1618026982, "id": 418049734, "price": 6490720.0, "quantity": 0.02, "taker_side": "sell", "timestamp": "1618026982.2558432"}
{"created_at": 1618026986, "id": 418049739, "price": 6492335.0, "quantity": 0.002, "taker_side": "buy", "timestamp": "1618026986.735158"}
{"created_at": 1618026987, "id": 418049741, "price": 6492293.0, "quantity": 0.02, "taker_side": "buy", "timestamp": "1618026987.416482"}
{"created_at": 1618026987, "id": 418049742, "price": 6492335.0, "quantity": 0.002, "taker_side": "buy", "timestamp": "1618026987.416542"}
{"created_at": 1618026987, "id": 418049743, "price": 6492895.0, "quantity": 0.0204, "taker_side": "buy", "timestamp": "1618026987.416595"}
{"created_at": 1618026987, "id": 418049744, "price": 6492895.0, "quantity": 0.0082, "taker_side": "buy", "timestamp": "1618026987.799245"}
{"created_at": 1618026987, "id": 418049745, "price": 6492896.0, "quantity": 0.0014, "taker_side": "buy", "timestamp": "1618026987.799305"}
{"created_at": 1618026989, "id": 418049750, "price": 6491251.0, "quantity": 0.0004, "taker_side": "sell", "timestamp": "1618026989.148314"}
{"created_at": 1618026989, "id": 418049752, "price": 6490721.0, "quantity": 0.00929794, "taker_side": "sell", "timestamp": "1618026989.148557"}
{"created_at": 1618026989, "id": 418049751, "price": 6490725.0, "quantity": 0.002, "taker_side": "sell", "timestamp": "1618026989.1484349"}
{"created_at": 1618026989, "id": 418049753, "price": 6490720.0, "quantity": 0.015096, "taker_side": "sell", "timestamp": "1618026989.148675"}
{"created_at": 1618026989, "id": 418049754, "price": 6490720.0, "quantity": 0.04, "taker_side": "sell", "timestamp": "1618026989.1487958"}
{"created_at": 1618026989, "id": 418049755, "price": 6492200.0, "quantity": 0.006, "taker_side": "sell", "timestamp": "1618026989.2470112"}
{"created_at": 1618026989, "id": 418049762, "price": 6492273.0, "quantity": 0.0004, "taker_side": "buy", "timestamp": "1618026989.817835"}
{"created_at": 1618026991, "id": 418049764, "price": 6490400.0, "quantity": 0.000504, "taker_side": "sell", "timestamp": "1618026991.129654"}
{"created_at": 1618026991, "id": 418049767, "price": 6489186.0, "quantity": 0.0225751, "taker_side": "sell", "timestamp": "1618026991.130031"}
{"created_at": 1618026991, "id": 418049766, "price": 6489280.0, "quantity": 0.000504, "taker_side": "sell", "timestamp": "1618026991.129909"}
{"created_at": 1618026991, "id": 418049765, "price": 6490001.0, "quantity": 0.0004, "taker_side": "sell", "timestamp": "1618026991.1297789"}
{"created_at": 1618026991, "id": 418049768, "price": 6489119.0, "quantity": 0.0060169, "taker_side": "sell", "timestamp": "1618026991.130177"}
{"created_at": 1618026991, "id": 418049770, "price": 6491404.0, "quantity": 0.03398984, "taker_side": "buy", "timestamp": "1618026991.8377118"}
{"created_at": 1618026991, "id": 418049771, "price": 6491404.0, "quantity": 0.0340235, "taker_side": "buy", "timestamp": "1618026991.8378618"}
{"created_at": 1618026991, "id": 418049772, "price": 6491410.0, "quantity": 0.03401764, "taker_side": "buy", "timestamp": "1618026991.8379872"}
{"created_at": 1618026992, "id": 418049777, "price": 6489120.0, "quantity": 0.02, "taker_side": "sell", "timestamp": "1618026992.3194702"}
{"created_at": 1618026998, "id": 418049780, "price": 6491249.0, "quantity": 0.0004, "taker_side": "buy", "timestamp": "1618026998.506944"}
{"created_at": 1618026998, "id": 418049782, "price": 6491977.0, "quantity": 0.03398984, "taker_side": "buy", "timestamp": "1618026998.507165"}
{"created_at": 1618026998, "id": 418049781, "price": 6491970.0, "quantity": 0.004, "taker_side": "buy", "timestamp": "1618026998.507057"}
{"created_at": 1618026998, "id": 418049784, "price": 6491978.0, "quantity": 0.03401764, "taker_side": "buy", "timestamp": "1618026998.5074072"}
{"created_at": 1618026998, "id": 418049783, "price": 6491978.0, "quantity": 0.002, "taker_side": "buy", "timestamp": "1618026998.507303"}
{"created_at": 1618026998, "id": 418049785, "price": 6491984.0, "quantity": 0.0340235, "taker_side": "buy", "timestamp": "1618026998.507519"}
{"created_at": 1618026998, "id": 418049787, "price": 6492499.0, "quantity": 0.0004, "taker_side": "buy", "timestamp": "1618026998.5077639"}
{"created_at": 1618026998, "id": 418049786, "price": 6492304.0, "quantity": 0.02952176, "taker_side": "buy", "timestamp": "1618026998.5076292"}
{"created_at": 1618026999, "id": 418049793, "price": 6491983.0, "quantity": 0.0022, "taker_side": "buy", "timestamp": "1618026999.018174"}
{"created_at": 1618026999, "id": 418049795, "price": 6492640.0, "quantity": 0.000504, "taker_side": "buy", "timestamp": "1618026999.0182981"}
{"created_at": 1618026999, "id": 418049794, "price": 6492637.0, "quantity": 0.012, "taker_side": "buy", "timestamp": "1618026999.0182452"}
{"created_at": 1618026999, "id": 418049796, "price": 6492914.0, "quantity": 0.01070206, "taker_side": "buy", "timestamp": "1618026999.018351"}
{"created_at": 1618026999, "id": 418049797, "price": 6492974.0, "quantity": 0.04, "taker_side": "buy", "timestamp": "1618026999.01841"}
{"created_at": 1618026999, "id": 418049799, "price": 6493760.0, "quantity": 0.000504, "taker_side": "buy", "timestamp": "1618026999.0185401"}
{"created_at": 1618026999, "id": 418049800, "price": 6493787.0, "quantity": 0.004, "taker_side": "buy", "timestamp": "1618026999.018614"}
{"created_at": 1618026999, "id": 418049802, "price": 6494145.0, "quantity": 0.00999652, "taker_side": "buy", "timestamp": "1618026999.018795"}
{"created_at": 1618026999, "id": 418049801, "price": 6494137.0, "quantity": 0.002, "taker_side": "buy", "timestamp": "1618026999.0187159"}
{"created_at": 1618026999, "id": 418049798, "price": 6493749.0, "quantity": 0.0004, "taker_side": "buy", "timestamp": "1618026999.018473"}
{"created_at": 1618026999, "id": 418049803, "price": 6494390.0, "quantity": 0.01769342, "taker_side": "buy", "timestamp": "1618026999.0188491"}
{"created_at": 1618027002, "id": 418049806, "price": 6492017.0, "quantity": 0.002, "taker_side": "sell", "timestamp": "1618027002.2516842"}
{"created_at": 1618027002, "id": 418049807, "price": 6491757.0, "quantity": 0.018, "taker_side": "sell", "timestamp": "1618027002.251814"}
{"created_at": 1618027004, "id": 418049812, "price": 6491758.0, "quantity": 0.01070206, "taker_side": "sell", "timestamp": "1618027004.0170271"}
{"created_at": 1618027004, "id": 418049813, "price": 6491757.0, "quantity": 0.022, "taker_side": "sell", "timestamp": "1618027004.017181"}
{"created_at": 1618027004, "id": 418049814, "price": 6491133.0, "quantity": 0.00729794, "taker_side": "sell", "timestamp": "1618027004.017312"}
{"created_at": 1618027004, "id": 418049817, "price": 6491098.0, "quantity": 0.0004, "taker_side": "sell", "timestamp": "1618027004.260096"}
{"created_at": 1618027004, "id": 418049818, "price": 6490989.0, "quantity": 0.004, "taker_side": "sell", "timestamp": "1618027004.260221"}
{"created_at": 1618027004, "id": 418049819, "price": 6490745.0, "quantity": 0.0356, "taker_side": "sell", "timestamp": "1618027004.26036"}
{"created_at": 1618027004, "id": 418049822, "price": 6491047.0, "quantity": 0.04, "taker_side": "sell", "timestamp": "1618027004.5137541"}
{"created_at": 1618027004, "id": 418049823, "price": 6491060.0, "quantity": 0.02, "taker_side": "sell", "timestamp": "1618027004.779516"}
{"created_at": 1618027004, "id": 418049824, "price": 6491047.0, "quantity": 0.02, "taker_side": "sell", "timestamp": "1618027004.779636"}
{"created_at": 1618027005, "id": 418049825, "price": 6491052.0, "quantity": 0.04, "taker_side": "sell", "timestamp": "1618027005.0014458"}
{"created_at": 1618027005, "id": 418049826, "price": 6494351.0, "quantity": 0.01, "taker_side": "buy", "timestamp": "1618027005.171503"}
{"created_at": 1618027005, "id": 418049827, "price": 6491382.0, "quantity": 0.002, "taker_side": "sell", "timestamp": "1618027005.272983"}
{"created_at": 1618027005, "id": 418049828, "price": 6491052.0, "quantity": 0.02, "taker_side": "sell", "timestamp": "1618027005.273105"}
{"created_at": 1618027005, "id": 418049829, "price": 6491047.0, "quantity": 0.018, "taker_side": "sell", "timestamp": "1618027005.27322"}
{"created_at": 1618027005, "id": 418049830, "price": 6491161.0, "quantity": 0.02, "taker_side": "sell", "timestamp": "1618027005.511531"}
{"created_at": 1618027005, "id": 418049831, "price": 6491047.0, "quantity": 0.02, "taker_side": "sell", "timestamp": "1618027005.5117598"}
{"created_at": 1618027005, "id": 418049835, "price": 6491251.0, "quantity": 0.0004, "taker_side": "sell", "timestamp": "1618027005.779095"}
{"created_at": 1618027005, "id": 418049837, "price": 6490951.0, "quantity": 0.03401764, "taker_side": "sell", "timestamp": "1618027005.779388"}
{"created_at": 1618027005, "id": 418049838, "price": 6490951.0, "quantity": 0.00158236, "taker_side": "sell", "timestamp": "1618027005.779524"}
{"created_at": 1618027005, "id": 418049836, "price": 6491047.0, "quantity": 0.004, "taker_side": "sell", "timestamp": "1618027005.7792692"}
{"created_at": 1618027005, "id": 418049839, "price": 6490951.0, "quantity": 0.002, "taker_side": "sell", "timestamp": "1618027005.885372"}
{"created_at": 1618027006, "id": 418049841, "price": 6490951.0, "quantity": 0.03040748, "taker_side": "sell", "timestamp": "1618027006.058253"}
{"created_at": 1618027006, "id": 418049842, "price": 6490951.0, "quantity": 0.00759252, "taker_side": "sell", "timestamp": "1618027006.058389"}
{"created_at": 1618027006, "id": 418049840, "price": 6490957.0, "quantity": 0.002, "taker_side": "sell", "timestamp": "1618027006.058126"}
{"created_at": 1618027006, "id": 418049843, "price": 6490951.0, "quantity": 0.02643098, "taker_side": "sell", "timestamp": "1618027006.3451881"}
{"created_at": 1618027006, "id": 418049844, "price": 6490950.0, "quantity": 0.004, "taker_side": "sell", "timestamp": "1618027006.3453188"}
{"created_at": 1618027006, "id": 418049845, "price": 6490945.0, "quantity": 0.00956902, "taker_side": "sell", "timestamp": "1618027006.3454342"}
{"created_at": 1618027008, "id": 418049849, "price": 6492502.0, "quantity": 0.02, "taker_side": "sell", "timestamp": "1618027008.693962"}
{"created_at": 1618027008, "id": 418049851, "price": 6492501.0, "quantity": 0.0004, "taker_side": "sell", "timestamp": "1618027008.930677"}
{"created_at": 1618027008, "id": 418049852, "price": 6492272.0, "quantity": 0.0196, "taker_side": "sell", "timestamp": "1618027008.930805"}
{"created_at": 1618027009, "id": 418049853, "price": 6492272.0, "quantity": 0.02, "taker_side": "sell", "timestamp": "1618027009.196993"}
{"created_at": 1618027009, "id": 418049854, "price": 6492272.0, "quantity": 0.02, "taker_side": "sell", "timestamp": "1618027009.4543009"}
{"created_at": 1618027009, "id": 418049855, "price": 6492386.0, "quantity": 0.02, "taker_side": "sell", "timestamp": "1618027009.724734"}
{"created_at": 1618027009, "id": 418049856, "price": 6492272.0, "quantity": 0.02, "taker_side": "sell", "timestamp": "1618027009.957313"}
{"created_at": 1618027010, "id": 418049857, "price": 6492272.0, "quantity": 0.0196, "taker_side": "sell", "timestamp": "1618027010.2735841"}
{"created_at": 1618027010, "id": 418049858, "price": 6492271.0, "quantity": 0.0004, "taker_side": "sell", "timestamp": "1618027010.273717"}
{"created_at": 1618027010, "id": 418049859, "price": 6492271.0, "quantity": 0.0036, "taker_side": "sell", "timestamp": "1618027010.5106828"}
{"created_at": 1618027010, "id": 418049860, "price": 6492255.0, "quantity": 0.0062, "taker_side": "sell", "timestamp": "1618027010.5108218"}
{"created_at": 1618027010, "id": 418049861, "price": 6492028.0, "quantity": 0.0102, "taker_side": "sell", "timestamp": "1618027010.510967"}
{"created_at": 1618027010, "id": 418049863, "price": 6492025.0, "quantity": 0.01, "taker_side": "sell", "timestamp": "1618027010.736212"}
{"created_at": 1618027010, "id": 418049862, "price": 6492028.0, "quantity": 0.0098, "taker_side": "sell", "timestamp": "1618027010.736088"}
{"created_at": 1618027010, "id": 418049864, "price": 6491395.0, "quantity": 0.0002, "taker_side": "sell", "timestamp": "1618027010.736355"}
{"created_at": 1618027010, "id": 418049865, "price": 6491395.0, "quantity": 0.02, "taker_side": "sell", "timestamp": "1618027010.9926028"}
{"created_at": 1618027011, "id": 418049866, "price": 6494877.0, "quantity": 0.033, "taker_side": "buy", "timestamp": "1618027011.163085"}
{"created_at": 1618027011, "id": 418049871, "price": 6495008.0, "quantity": 0.0054, "taker_side": "buy", "timestamp": "1618027011.163727"}
{"created_at": 1618027011, "id": 418049867, "price": 6494878.0, "quantity": 0.06, "taker_side": "buy", "timestamp": "1618027011.16323"}
{"created_at": 1618027011, "id": 418049872, "price": 6495510.0, "quantity": 0.01853162, "taker_side": "buy", "timestamp": "1618027011.1638532"}
{"created_at": 1618027011, "id": 418049868, "price": 6494880.0, "quantity": 0.000504, "taker_side": "buy", "timestamp": "1618027011.1633658"}
{"created_at": 1618027011, "id": 418049869, "price": 6494883.0, "quantity": 0.02, "taker_side": "buy", "timestamp": "1618027011.163507"}
{"created_at": 1618027011, "id": 418049877, "price": 6496513.0, "quantity": 0.21126038, "taker_side": "buy", "timestamp": "1618027011.164406"}
{"created_at": 1618027011, "id": 418049876, "price": 6496249.0, "quantity": 0.0002, "taker_side": "buy", "timestamp": "1618027011.1642969"}
{"created_at": 1618027011, "id": 418049873, "price": 6495999.0, "quantity": 0.0102, "taker_side": "buy", "timestamp": "1618027011.163978"}
{"created_at": 1618027011, "id": 418049870, "price": 6494999.0, "quantity": 0.0004, "taker_side": "buy", "timestamp": "1618027011.1636171"}
{"created_at": 1618027011, "id": 418049874, "price": 6496000.0, "quantity": 0.000504, "taker_side": "buy", "timestamp": "1618027011.1640902"}
{"created_at": 1618027011, "id": 418049878, "price": 6491395.0, "quantity": 0.02, "taker_side": "sell", "timestamp": "1618027011.2022111"}
{"created_at": 1618027011, "id": 418049875, "price": 6496110.0, "quantity": 0.24, "taker_side": "buy", "timestamp": "1618027011.164194"}
{"created_at": 1618027011, "id": 418049881, "price": 6491395.0, "quantity": 0.02, "taker_side": "sell", "timestamp": "1618027011.4692118"}
{"created_at": 1618027011, "id": 418049885, "price": 6492031.0, "quantity": 0.02, "taker_side": "sell", "timestamp": "1618027011.747679"}
{"created_at": 1618027012, "id": 418049889, "price": 6491396.0, "quantity": 0.02, "taker_side": "sell", "timestamp": "1618027012.0069408"}
{"created_at": 1618027012, "id": 418049894, "price": 6491150.0, "quantity": 0.002, "taker_side": "sell", "timestamp": "1618027012.249305"}
{"created_at": 1618027012, "id": 418049893, "price": 6491396.0, "quantity": 0.0102, "taker_side": "sell", "timestamp": "1618027012.249174"}
{"created_at": 1618027012, "id": 418049892, "price": 6491396.0, "quantity": 0.002, "taker_side": "sell", "timestamp": "1618027012.249053"}
{"created_at": 1618027012, "id": 418049895, "price": 6491142.0, "quantity": 0.002, "taker_side": "sell", "timestamp": "1618027012.249436"}
{"created_at": 1618027012, "id": 418049896, "price": 6491141.0, "quantity": 0.0038, "taker_side": "sell", "timestamp": "1618027012.249562"}
{"created_at": 1618027012, "id": 418049902, "price": 6491141.0, "quantity": 0.01455778, "taker_side": "sell", "timestamp": "1618027012.490413"}
{"created_at": 1618027012, "id": 418049901, "price": 6491520.0, "quantity": 0.000504, "taker_side": "sell", "timestamp": "1618027012.490284"}
{"created_at": 1618027012, "id": 418049903, "price": 6491138.0, "quantity": 0.00493822, "taker_side": "sell", "timestamp": "1618027012.4905431"}
{"created_at": 1618027012, "id": 418049910, "price": 6491138.0, "quantity": 0.01342484, "taker_side": "sell", "timestamp": "1618027012.733403"}
{"created_at": 1618027012, "id": 418049911, "price": 6490750.0, "quantity": 0.00657516, "taker_side": "sell", "timestamp": "1618027012.733547"}
{"created_at": 1618027012, "id": 418049913, "price": 6490731.0, "quantity": 0.02, "taker_side": "sell", "timestamp": "1618027012.981854"}
{"created_at": 1618027013, "id": 418049914, "price": 6490730.0, "quantity": 0.02, "taker_side": "sell", "timestamp": "1618027013.2257228"}
{"created_at": 1618027013, "id": 418049915, "price": 6490410.0, "quantity": 0.02, "taker_side": "sell", "timestamp": "1618027013.453248"}
{"created_at": 1618027013, "id": 418049917, "price": 6492412.0, "quantity": 0.000504, "taker_side": "buy", "timestamp": "1618027013.5275352"}
{"created_at": 1618027014, "id": 418049920, "price": 6490410.0, "quantity": 0.00562886, "taker_side": "sell", "timestamp": "1618027014.648889"}
{"created_at": 1618027014, "id": 418049921, "price": 6490400.0, "quantity": 0.000504, "taker_side": "sell", "timestamp": "1618027014.64901"}
{"created_at": 1618027014, "id": 418049924, "price": 6489566.0, "quantity": 0.00266714, "taker_side": "sell", "timestamp": "1618027014.649415"}
{"created_at": 1618027014, "id": 418049922, "price": 6490001.0, "quantity": 0.0004, "taker_side": "sell", "timestamp": "1618027014.649125"}
{"created_at": 1618027014, "id": 418049923, "price": 6489925.0, "quantity": 0.0088, "taker_side": "sell", "timestamp": "1618027014.649241"}
{"created_at": 1618027015, "id": 418049927, "price": 6489566.0, "quantity": 0.012, "taker_side": "sell", "timestamp": "1618027015.588175"}
{"created_at": 1618027015, "id": 418049929, "price": 6489280.0, "quantity": 0.000504, "taker_side": "sell", "timestamp": "1618027015.901748"}
{"created_at": 1618027015, "id": 418049931, "price": 6488590.0, "quantity": 0.011096, "taker_side": "sell", "timestamp": "1618027015.901982"}
{"created_at": 1618027015, "id": 418049930, "price": 6488751.0, "quantity": 0.0004, "taker_side": "sell", "timestamp": "1618027015.901869"}
{"created_at": 1618027016, "id": 418049932, "price": 6488590.0, "quantity": 0.012, "taker_side": "sell", "timestamp": "1618027016.163418"}
{"created_at": 1618027016, "id": 418049933, "price": 6488585.0, "quantity": 0.012, "taker_side": "sell", "timestamp": "1618027016.4691389"}
{"created_at": 1618027016, "id": 418049934, "price": 6488181.0, "quantity": 0.012, "taker_side": "sell", "timestamp": "1618027016.7217422"}
{"created_at": 1618027016, "id": 418049935, "price": 6488182.0, "quantity": 0.012, "taker_side": "sell", "timestamp": "1618027016.989284"}
{"created_at": 1618027017, "id": 418049936, "price": 6488444.0, "quantity": 0.002, "taker_side": "sell", "timestamp": "1618027017.242131"}
{"created_at": 1618027017, "id": 418049937, "price": 6488182.0, "quantity": 0.01, "taker_side": "sell", "timestamp": "1618027017.242251"}
{"created_at": 1618027017, "id": 418049938, "price": 6488182.0, "quantity": 0.012, "taker_side": "sell", "timestamp": "1618027017.483604"}
{"created_at": 1618027017, "id": 418049939, "price": 6490800.0, "quantity": 0.002, "taker_side": "buy", "timestamp": "1618027017.5502641"}
{"created_at": 1618027017, "id": 418049942, "price": 6488188.0, "quantity": 0.012, "taker_side": "sell", "timestamp": "1618027017.712415"}
{"created_at": 1618027017, "id": 418049943, "price": 6491754.0, "quantity": 0.004, "taker_side": "buy", "timestamp": "1618027017.8230588"}
{"created_at": 1618027017, "id": 418049944, "price": 6492480.0, "quantity": 0.016, "taker_side": "buy", "timestamp": "1618027017.8231192"}
{"created_at": 1618027017, "id": 418049946, "price": 6488188.0, "quantity": 0.012, "taker_side": "sell", "timestamp": "1618027017.961111"}
{"created_at": 1618027018, "id": 418049949, "price": 6488188.0, "quantity": 0.01001764, "taker_side": "sell", "timestamp": "1618027018.1971378"}
{"created_at": 1618027018, "id": 418049950, "price": 6488188.0, "quantity": 0.00198236, "taker_side": "sell", "timestamp": "1618027018.197283"}
{"created_at": 1618027018, "id": 418049951, "price": 6488964.0, "quantity": 0.012, "taker_side": "sell", "timestamp": "1618027018.4837341"}
{"created_at": 1618027018, "id": 418049952, "price": 6488964.0, "quantity": 0.012, "taker_side": "sell", "timestamp": "1618027018.723655"}
{"created_at": 1618027018, "id": 418049953, "price": 6488965.0, "quantity": 0.012, "taker_side": "sell", "timestamp": "1618027018.9642692"}
{"created_at": 1618027019, "id": 418049954, "price": 6488965.0, "quantity": 0.012, "taker_side": "sell", "timestamp": "1618027019.212331"}
{"created_at": 1618027019, "id": 418049955, "price": 6488965.0, "quantity": 0.012, "taker_side": "sell", "timestamp": "1618027019.455492"}
{"created_at": 1618027019, "id": 418049956, "price": 6491093.0, "quantity": 0.02, "taker_side": "buy", "timestamp": "1618027019.658453"}
{"created_at": 1618027019, "id": 418049957, "price": 6491585.0, "quantity": 0.008, "taker_side": "buy", "timestamp": "1618027019.6585898"}
{"created_at": 1618027019, "id": 418049958, "price": 6492133.0, "quantity": 0.012, "taker_side": "sell", "timestamp": "1618027019.726198"}
{"created_at": 1618027019, "id": 418049960, "price": 6492479.0, "quantity": 0.02, "taker_side": "buy", "timestamp": "1618027019.733779"}
{"created_at": 1618027019, "id": 418049961, "price": 6492480.0, "quantity": 0.00236948, "taker_side": "buy", "timestamp": "1618027019.733887"}
{"created_at": 1618027019, "id": 418049962, "price": 6492482.0, "quantity": 0.0183728, "taker_side": "buy", "timestamp": "1618027019.73403"}
{"created_at": 1618027019, "id": 418049959, "price": 6492477.0, "quantity": 0.023096, "taker_side": "buy", "timestamp": "1618027019.733664"}
{"created_at": 1618027019, "id": 418049964, "price": 6492499.0, "quantity": 0.0004, "taker_side": "buy", "timestamp": "1618027019.734296"}
{"created_at": 1618027019, "id": 418049963, "price": 6492483.0, "quantity": 0.002, "taker_side": "buy", "timestamp": "1618027019.7341802"}
{"created_at": 1618027019, "id": 418049965, "price": 6492515.0, "quantity": 0.0225, "taker_side": "buy", "timestamp": "1618027019.7344189"}
{"created_at": 1618027019, "id": 418049966, "price": 6492640.0, "quantity": 0.000504, "taker_side": "buy", "timestamp": "1618027019.73453"}
{"created_at": 1618027019, "id": 418049967, "price": 6492709.0, "quantity": 0.0984, "taker_side": "buy", "timestamp": "1618027019.734643"}
{"created_at": 1618027019, "id": 418049972, "price": 6492920.0, "quantity": 0.012, "taker_side": "sell", "timestamp": "1618027019.987911"}
{"created_at": 1618027020, "id": 418049973, "price": 6492920.0, "quantity": 0.00035772, "taker_side": "sell", "timestamp": "1618027020.23839"}
{"created_at": 1618027020, "id": 418049974, "price": 6492133.0, "quantity": 0.00903276, "taker_side": "sell", "timestamp": "1618027020.238542"}
{"created_at": 1618027020, "id": 418049975, "price": 6489917.0, "quantity": 0.00260952, "taker_side": "sell", "timestamp": "1618027020.238662"}
{"created_at": 1618027020, "id": 418049976, "price": 6489917.0, "quantity": 0.012, "taker_side": "sell", "timestamp": "1618027020.490906"}
{"created_at": 1618027021, "id": 418049978, "price": 6491249.0, "quantity": 0.0004, "taker_side": "buy", "timestamp": "1618027021.36762"}
{"created_at": 1618027021, "id": 418049979, "price": 6493034.0, "quantity": 0.03162, "taker_side": "buy", "timestamp": "1618027021.367748"}
{"created_at": 1618027021, "id": 418049980, "price": 6493034.0, "quantity": 0.00838, "taker_side": "buy", "timestamp": "1618027021.373974"}
{"created_at": 1618027021, "id": 418049981, "price": 6493469.0, "quantity": 0.01460952, "taker_side": "buy", "timestamp": "1618027021.374033"}
{"created_at": 1618027021, "id": 418049983, "price": 6493731.0, "quantity": 0.002, "taker_side": "buy", "timestamp": "1618027021.374138"}
{"created_at": 1618027021, "id": 418049985, "price": 6493760.0, "quantity": 0.000504, "taker_side": "buy", "timestamp": "1618027021.3742661"}
{"created_at": 1618027021, "id": 418049986, "price": 6494689.0, "quantity": 0.06410996, "taker_side": "buy", "timestamp": "1618027021.374323"}
{"created_at": 1618027021, "id": 418049984, "price": 6493749.0, "quantity": 0.0004, "taker_side": "buy", "timestamp": "1618027021.374203"}
{"created_at": 1618027021, "id": 418049982, "price": 6493470.0, "quantity": 0.00999652, "taker_side": "buy", "timestamp": "1618027021.3740869"}
{"created_at": 1618027021, "id": 418049991, "price": 6493148.0, "quantity": 0.0004, "taker_side": "sell", "timestamp": "1618027021.633471"}
{"created_at": 1618027022, "id": 418049992, "price": 6493303.0, "quantity": 0.018, "taker_side": "sell", "timestamp": "1618027022.149348"}
{"created_at": 1618027022, "id": 418049993, "price": 6493303.0, "quantity": 0.002, "taker_side": "sell", "timestamp": "1618027022.40857"}
{"created_at": 1618027022, "id": 418049994, "price": 6493148.0, "quantity": 0.018, "taker_side": "sell", "timestamp": "1618027022.408691"}
{"created_at": 1618027023, "id": 418049999, "price": 6491264.0, "quantity": 0.02, "taker_side": "sell", "timestamp": "1618027023.224311"}
{"created_at": 1618027023, "id": 418050000, "price": 6491264.0, "quantity": 0.022, "taker_side": "sell", "timestamp": "1618027023.557035"}
{"created_at": 1618027024, "id": 418050001, "price": 6494677.0, "quantity": 0.002, "taker_side": "buy", "timestamp": "1618027024.148412"}
{"created_at": 1618027024, "id": 418050002, "price": 6494669.0, "quantity": 0.002, "taker_side": "buy", "timestamp": "1618027024.385814"}
{"created_at": 1618027024, "id": 418050004, "price": 6494674.0, "quantity": 0.012, "taker_side": "buy", "timestamp": "1618027024.385925"}
{"created_at": 1618027024, "id": 418050005, "price": 6494676.0, "quantity": 0.0184, "taker_side": "buy", "timestamp": "1618027024.385976"}
{"created_at": 1618027024, "id": 418050003, "price": 6494671.0, "quantity": 0.03401764, "taker_side": "buy", "timestamp": "1618027024.3858728"}
{"created_at": 1618027024, "id": 418050006, "price": 6494782.0, "quantity": 0.03158236, "taker_side": "buy", "timestamp": "1618027024.386028"}
{"created_at": 1618027024, "id": 418050009, "price": 6491260.0, "quantity": 0.01, "taker_side": "sell", "timestamp": "1618027024.547271"}
{"created_at": 1618027026, "id": 418050011, "price": 6491260.0, "quantity": 0.02, "taker_side": "sell", "timestamp": "1618027026.622902"}
{"created_at": 1618027026, "id": 418050012, "price": 6491078.0, "quantity": 0.004, "taker_side": "sell", "timestamp": "1618027026.623025"}
{"created_at": 1618027026, "id": 418050013, "price": 6490400.0, "quantity": 0.000504, "taker_side": "sell", "timestamp": "1618027026.623142"}
{"created_at": 1618027027, "id": 418050019, "price": 6489394.0, "quantity": 0.02, "taker_side": "sell", "timestamp": "1618027027.367372"}
{"created_at": 1618027027, "id": 418050021, "price": 6489448.0, "quantity": 0.0198, "taker_side": "buy", "timestamp": "1618027027.734636"}
{"created_at": 1618027027, "id": 418050023, "price": 6488990.0, "quantity": 0.011496, "taker_side": "sell", "timestamp": "1618027027.7691772"}
{"created_at": 1618027027, "id": 418050022, "price": 6489280.0, "quantity": 0.000504, "taker_side": "sell", "timestamp": "1618027027.768942"}
{"created_at": 1618027028, "id": 418050025, "price": 6489448.0, "quantity": 0.0002, "taker_side": "buy", "timestamp": "1618027028.834371"}
{"created_at": 1618027028, "id": 418050026, "price": 6489789.0, "quantity": 0.02, "taker_side": "buy", "timestamp": "1618027028.8344388"}
{"created_at": 1618027028, "id": 418050027, "price": 6490240.0, "quantity": 0.02, "taker_side": "buy", "timestamp": "1618027028.834492"}
{"created_at": 1618027028, "id": 418050028, "price": 6492097.0, "quantity": 0.01041764, "taker_side": "buy", "timestamp": "1618027028.8345442"}
{"created_at": 1618027028, "id": 418050029, "price": 6492100.0, "quantity": 0.01, "taker_side": "buy", "timestamp": "1618027028.834597"}
{"created_at": 1618027028, "id": 418050030, "price": 6492102.0, "quantity": 0.13938236, "taker_side": "buy", "timestamp": "1618027028.834661"}
{"created_at": 1618027030, "id": 418050034, "price": 6490001.0, "quantity": 0.0004, "taker_side": "sell", "timestamp": "1618027030.034595"}
{"created_at": 1618027030, "id": 418050035, "price": 6488990.0, "quantity": 0.0196, "taker_side": "sell", "timestamp": "1618027030.034722"}
{"created_at": 1618027030, "id": 418050036, "price": 6489104.0, "quantity": 0.02, "taker_side": "sell", "timestamp": "1618027030.366616"}
{"created_at": 1618027030, "id": 418050037, "price": 6491251.0, "quantity": 0.0004, "taker_side": "sell", "timestamp": "1618027030.676916"}
{"created_at": 1618027030, "id": 418050038, "price": 6488820.0, "quantity": 0.0196, "taker_side": "sell", "timestamp": "1618027030.6770391"}
{"created_at": 1618027031, "id": 418050039, "price": 6488821.0, "quantity": 0.02, "taker_side": "sell", "timestamp": "1618027031.042688"}
{"created_at": 1618027031, "id": 418050040, "price": 6488821.0, "quantity": 0.02, "taker_side": "sell", "timestamp": "1618027031.307297"}
{"created_at": 1618027031, "id": 418050041, "price": 6491904.0, "quantity": 0.0004, "taker_side": "buy", "timestamp": "1618027031.51693"}
{"created_at": 1618027031, "id": 418050042, "price": 6488821.0, "quantity": 0.02, "taker_side": "sell", "timestamp": "1618027031.551146"}
{"created_at": 1618027031, "id": 418050043, "price": 6488820.0, "quantity": 0.02, "taker_side": "sell", "timestamp": "1618027031.803283"}
{"created_at": 1618027032, "id": 418050044, "price": 6488751.0, "quantity": 0.0004, "taker_side": "sell", "timestamp": "1618027032.0427861"}
{"created_at": 1618027032, "id": 418050045, "price": 6488713.0, "quantity": 0.0196, "taker_side": "sell", "timestamp": "1618027032.042917"}
{"created_at": 1618027032, "id": 418050046, "price": 6491122.0, "quantity": 0.002, "taker_side": "buy", "timestamp": "1618027032.084543"}
{"created_at": 1618027032, "id": 418050048, "price": 6488714.0, "quantity": 0.02, "taker_side": "sell", "timestamp": "1618027032.247224"}
{"created_at": 1618027032, "id": 418050049, "price": 6488714.0, "quantity": 0.02, "taker_side": "sell", "timestamp": "1618027032.28208"}
{"created_at": 1618027032, "id": 418050050, "price": 6488714.0, "quantity": 0.02, "taker_side": "sell", "timestamp": "1618027032.53635"}
{"created_at": 1618027032, "id": 418050051, "price": 6490626.0, "quantity": 0.0004, "taker_side": "buy", "timestamp": "1618027032.6388412"}
{"created_at": 1618027032, "id": 418050052, "price": 6488310.0, "quantity": 0.0154, "taker_side": "sell", "timestamp": "1618027032.8101702"}
{"created_at": 1618027032, "id": 418050053, "price": 6488310.0, "quantity": 0.0046, "taker_side": "sell", "timestamp": "1618027032.810293"}
{"created_at": 1618027033, "id": 418050054, "price": 6488310.0, "quantity": 0.0086, "taker_side": "sell", "timestamp": "1618027033.034704"}
{"created_at": 1618027033, "id": 418050055, "price": 6488309.0, "quantity": 0.0114, "taker_side": "sell", "timestamp": "1618027033.0348248"}
{"created_at": 1618027033, "id": 418050056, "price": 6488310.0, "quantity": 0.02, "taker_side": "sell", "timestamp": "1618027033.2904372"}
{"created_at": 1618027033, "id": 418050057, "price": 6488310.0, "quantity": 0.02, "taker_side": "sell", "timestamp": "1618027033.546556"}
{"created_at": 1618027033, "id": 418050058, "price": 6490626.0, "quantity": 0.0002, "taker_side": "buy", "timestamp": "1618027033.75533"}
{"created_at": 1618027033, "id": 418050059, "price": 6488160.0, "quantity": 0.000504, "taker_side": "sell", "timestamp": "1618027033.7700942"}
{"created_at": 1618027033, "id": 418050060, "price": 6487911.0, "quantity": 0.019496, "taker_side": "sell", "timestamp": "1618027033.77024"}
{"created_at": 1618027033, "id": 418050061, "price": 6487911.0, "quantity": 0.02, "taker_side": "sell", "timestamp": "1618027033.988682"}
{"created_at": 1618027034, "id": 418050062, "price": 6487910.0, "quantity": 0.02, "taker_side": "sell", "timestamp": "1618027034.2389529"}
{"created_at": 1618027034, "id": 418050063, "price": 6487910.0, "quantity": 0.02, "taker_side": "sell", "timestamp": "1618027034.501506"}
{"created_at": 1618027034, "id": 418050064, "price": 6487911.0, "quantity": 0.02, "taker_side": "sell", "timestamp": "1618027034.783068"}
{"created_at": 1618027034, "id": 418050065, "price": 6487910.0, "quantity": 0.02, "taker_side": "sell", "timestamp": "1618027034.783131"}
{"created_at": 1618027034, "id": 418050066, "price": 6487906.0, "quantity": 0.1122, "taker_side": "sell", "timestamp": "1618027034.783202"}
{"created_at": 1618027034, "id": 418050067, "price": 6487905.0, "quantity": 0.24, "taker_side": "sell", "timestamp": "1618027034.7832582"}
{"created_at": 1618027034, "id": 418050068, "price": 6487509.0, "quantity": 0.002, "taker_side": "sell", "timestamp": "1618027034.7833118"}
{"created_at": 1618027034, "id": 418050072, "price": 6487500.0, "quantity": 0.002, "taker_side": "sell", "timestamp": "1618027034.783539"}
{"created_at": 1618027034, "id": 418050070, "price": 6487501.0, "quantity": 0.0004, "taker_side": "sell", "timestamp": "1618027034.783433"}
{"created_at": 1618027034, "id": 418050071, "price": 6487501.0, "quantity": 0.24, "taker_side": "sell", "timestamp": "1618027034.783484"}
{"created_at": 1618027034, "id": 418050069, "price": 6487502.0, "quantity": 0.0198, "taker_side": "sell", "timestamp": "1618027034.783365"}
{"created_at": 1618027034, "id": 418050075, "price": 6487190.0, "quantity": 0.02, "taker_side": "sell", "timestamp": "1618027034.783699"}
{"created_at": 1618027034, "id": 418050077, "price": 6487040.0, "quantity": 0.000504, "taker_side": "sell", "timestamp": "1618027034.7838259"}
{"created_at": 1618027034, "id": 418050076, "price": 6487121.0, "quantity": 0.1584, "taker_side": "sell", "timestamp": "1618027034.7837708"}
{"created_at": 1618027034, "id": 418050074, "price": 6487234.0, "quantity": 0.02953124, "taker_side": "sell", "timestamp": "1618027034.783645"}
{"created_at": 1618027034, "id": 418050073, "price": 6487377.0, "quantity": 0.0978495, "taker_side": "sell", "timestamp": "1618027034.7835908"}
{"created_at": 1618027034, "id": 418050078, "price": 6487040.0, "quantity": 0.03731526, "taker_side": "sell", "timestamp": "1618027034.7838778"}
{"created_at": 1618027035, "id": 418050083, "price": 6487179.0, "quantity": 0.004, "taker_side": "sell", "timestamp": "1618027035.0542169"}
{"created_at": 1618027035, "id": 418050084, "price": 6486763.0, "quantity": 0.1642, "taker_side": "sell", "timestamp": "1618027035.054272"}
{"created_at": 1618027035, "id": 418050085, "price": 6486283.0, "quantity": 0.01, "taker_side": "sell", "timestamp": "1618027035.0543292"}
{"created_at": 1618027035, "id": 418050082, "price": 6487937.0, "quantity": 0.0984, "taker_side": "sell", "timestamp": "1618027035.0541592"}
{"created_at": 1618027035, "id": 418050086, "price": 6486282.0, "quantity": 0.002, "taker_side": "sell", "timestamp": "1618027035.054382"}
{"created_at": 1618027035, "id": 418050087, "price": 6486274.0, "quantity": 0.0183728, "taker_side": "sell", "timestamp": "1618027035.0544362"}
{"created_at": 1618027035, "id": 418050088, "price": 6486252.0, "quantity": 0.1230272, "taker_side": "sell", "timestamp": "1618027035.0544891"}
{"created_at": 1618027044, "id": 418050094, "price": 6489818.0, "quantity": 0.0006, "taker_side": "buy", "timestamp": "1618027044.424434"}
{"created_at": 1618027047, "id": 418050095, "price": 6488749.0, "quantity": 0.0004, "taker_side": "buy", "timestamp": "1618027047.913273"}
{"created_at": 1618027047, "id": 418050096, "price": 6489812.0, "quantity": 0.01958154, "taker_side": "buy", "timestamp": "1618027047.913388"}
{"created_at": 1618027052, "id": 418050100, "price": 6489806.0, "quantity": 0.03981846, "taker_side": "buy", "timestamp": "1618027052.624492"}
{"created_at": 1618027052, "id": 418050101, "price": 6489811.0, "quantity": 0.00018154, "taker_side": "buy", "timestamp": "1618027052.624552"}
{"created_at": 1618027052, "id": 418050102, "price": 6489921.0, "quantity": 0.04, "taker_side": "buy", "timestamp": "1618027052.659133"}
{"created_at": 1618027053, "id": 418050104, "price": 6489817.0, "quantity": 0.03981846, "taker_side": "buy", "timestamp": "1618027053.660307"}
{"created_at": 1618027053, "id": 418050105, "price": 6489999.0, "quantity": 0.0004, "taker_side": "buy", "timestamp": "1618027053.660415"}
{"created_at": 1618027055, "id": 418050109, "price": 6490000.0, "quantity": 0.02, "taker_side": "sell", "timestamp": "1618027055.028391"}
{"created_at": 1618027056, "id": 418050112, "price": 6490000.0, "quantity": 0.03978154, "taker_side": "sell", "timestamp": "1618027056.23538"}
{"created_at": 1618027056, "id": 418050115, "price": 6487501.0, "quantity": 0.0004, "taker_side": "sell", "timestamp": "1618027056.487326"}
{"created_at": 1618027056, "id": 418050116, "price": 6487365.0, "quantity": 0.002, "taker_side": "sell", "timestamp": "1618027056.4873888"}
{"created_at": 1618027056, "id": 418050117, "price": 6487357.0, "quantity": 0.01836948, "taker_side": "sell", "timestamp": "1618027056.487444"}
{"created_at": 1618027056, "id": 418050118, "price": 6487218.0, "quantity": 0.03075338, "taker_side": "sell", "timestamp": "1618027056.487502"}
{"created_at": 1618027059, "id": 418050121, "price": 6488751.0, "quantity": 0.0004, "taker_side": "sell", "timestamp": "1618027059.555061"}
{"created_at": 1618027062, "id": 418050124, "price": 6486492.0, "quantity": 0.002, "taker_side": "sell", "timestamp": "1618027062.368284"}
{"created_at": 1618027062, "id": 418050125, "price": 6486251.0, "quantity": 0.0004, "taker_side": "sell", "timestamp": "1618027062.368407"}
{"created_at": 1618027062, "id": 418050126, "price": 6486114.0, "quantity": 0.0176, "taker_side": "sell", "timestamp": "1618027062.3685381"}
{"created_at": 1618027067, "id": 418050127, "price": 6488225.0, "quantity": 0.02, "taker_side": "buy", "timestamp": "1618027067.609926"}
{"created_at": 1618027067, "id": 418050128, "price": 6488226.0, "quantity": 0.006, "taker_side": "buy", "timestamp": "1618027067.610046"}
{"created_at": 1618027067, "id": 418050129, "price": 6488433.0, "quantity": 0.004, "taker_side": "buy", "timestamp": "1618027067.610152"}
{"created_at": 1618027067, "id": 418050130, "price": 6488466.0, "quantity": 0.05, "taker_side": "buy", "timestamp": "1618027067.610255"}
{"created_at": 1618027068, "id": 418050136, "price": 6486543.0, "quantity": 0.004, "taker_side": "buy", "timestamp": "1618027068.10455"}
{"created_at": 1618027070, "id": 418050138, "price": 6487426.0, "quantity": 0.1654, "taker_side": "buy", "timestamp": "1618027070.3853881"}
{"created_at": 1618027070, "id": 418050139, "price": 6487666.0, "quantity": 0.004, "taker_side": "buy", "timestamp": "1618027070.385461"}
{"created_at": 1618027070, "id": 418050140, "price": 6488460.0, "quantity": 0.0183728, "taker_side": "buy", "timestamp": "1618027070.385535"}
{"created_at": 1618027070, "id": 418050141, "price": 6488466.0, "quantity": 0.02, "taker_side": "buy", "timestamp": "1618027070.385589"}
{"created_at": 1618027070, "id": 418050144, "price": 6488703.0, "quantity": 0.1052272, "taker_side": "buy", "timestamp": "1618027070.385747"}
{"created_at": 1618027070, "id": 418050142, "price": 6488701.0, "quantity": 0.03, "taker_side": "buy", "timestamp": "1618027070.3856409"}
{"created_at": 1618027070, "id": 418050143, "price": 6488702.0, "quantity": 0.055, "taker_side": "buy", "timestamp": "1618027070.3856928"}
{"created_at": 1618027072, "id": 418050147, "price": 6488694.0, "quantity": 0.002, "taker_side": "buy", "timestamp": "1618027072.61486"}
{"created_at": 1618027072, "id": 418050148, "price": 6488749.0, "quantity": 0.0004, "taker_side": "buy", "timestamp": "1618027072.614987"}
{"created_at": 1618027072, "id": 418050149, "price": 6489120.0, "quantity": 0.02560364, "taker_side": "buy", "timestamp": "1618027072.6151512"}
{"created_at": 1618027072, "id": 418050150, "price": 6489130.0, "quantity": 0.0004, "taker_side": "sell", "timestamp": "1618027072.650912"}
{"created_at": 1618027072, "id": 418050153, "price": 6489130.0, "quantity": 0.01159636, "taker_side": "sell", "timestamp": "1618027072.758454"}
{"created_at": 1618027078, "id": 418050161, "price": 6486983.0, "quantity": 0.0004, "taker_side": "sell", "timestamp": "1618027078.144993"}
{"created_at": 1618027082, "id": 418050164, "price": 6489088.0, "quantity": 0.002, "taker_side": "buy", "timestamp": "1618027082.935723"}
{"created_at": 1618027086, "id": 418050167, "price": 6488896.0, "quantity": 0.0004, "taker_side": "buy", "timestamp": "1618027086.236448"}
{"created_at": 1618027088, "id": 418050168, "price": 6487641.0, "quantity": 0.0096, "taker_side": "sell", "timestamp": "1618027088.8686311"}
{"created_at": 1618027090, "id": 418050174, "price": 6489070.0, "quantity": 0.002, "taker_side": "buy", "timestamp": "1618027090.8852658"}
{"created_at": 1618027090, "id": 418050175, "price": 6489088.0, "quantity": 0.00640364, "taker_side": "buy", "timestamp": "1618027090.8853278"}
{"created_at": 1618027090, "id": 418050176, "price": 6489633.0, "quantity": 0.03159636, "taker_side": "buy", "timestamp": "1618027090.885382"}
{"created_at": 1618027090, "id": 418050177, "price": 6489633.0, "quantity": 0.00239348, "taker_side": "buy", "timestamp": "1618027090.926013"}
{"created_at": 1618027090, "id": 418050179, "price": 6489817.0, "quantity": 0.00358302, "taker_side": "buy", "timestamp": "1618027090.9261281"}
{"created_at": 1618027090, "id": 418050178, "price": 6489633.0, "quantity": 0.0340235, "taker_side": "buy", "timestamp": "1618027090.9260721"}
{"created_at": 1618027091, "id": 418050182, "price": 6489816.0, "quantity": 0.02, "taker_side": "buy", "timestamp": "1618027091.9213881"}
{"created_at": 1618027091, "id": 418050183, "price": 6489817.0, "quantity": 0.00041698, "taker_side": "buy", "timestamp": "1618027091.921449"}
{"created_at": 1618027091, "id": 418050184, "price": 6489999.0, "quantity": 0.0004, "taker_side": "buy", "timestamp": "1618027091.921503"}
{"created_at": 1618027091, "id": 418050185, "price": 6490000.0, "quantity": 0.002, "taker_side": "buy", "timestamp": "1618027091.921556"}
{"created_at": 1618027091, "id": 418050186, "price": 6490168.0, "quantity": 0.03400724, "taker_side": "buy", "timestamp": "1618027091.921608"}
{"created_at": 1618027091, "id": 418050187, "price": 6490174.0, "quantity": 0.03401764, "taker_side": "buy", "timestamp": "1618027091.921673"}
{"created_at": 1618027091, "id": 418050188, "price": 6490174.0, "quantity": 0.00915814, "taker_side": "buy", "timestamp": "1618027091.9217238"}
{"created_at": 1618027092, "id": 418050195, "price": 6487598.0, "quantity": 0.02, "taker_side": "sell", "timestamp": "1618027092.4874098"}
{"created_at": 1618027094, "id": 418050213, "price": 6490400.0, "quantity": 0.000504, "taker_side": "buy", "timestamp": "1618027094.591391"}
{"created_at": 1618027094, "id": 418050214, "price": 6490498.0, "quantity": 0.01033934, "taker_side": "buy", "timestamp": "1618027094.591452"}
{"created_at": 1618027094, "id": 418050215, "price": 6490685.0, "quantity": 0.0132, "taker_side": "buy", "timestamp": "1618027094.591512"}
{"created_at": 1618027094, "id": 418050216, "price": 6490686.0, "quantity": 0.01195666, "taker_side": "buy", "timestamp": "1618027094.591584"}
{"created_at": 1618027104, "id": 418050224, "price": 6489387.0, "quantity": 0.002, "taker_side": "buy", "timestamp": "1618027104.9729779"}
{"created_at": 1618027106, "id": 418050227, "price": 6489387.0, "quantity": 0.0042, "taker_side": "buy", "timestamp": "1618027106.0242088"}
{"created_at": 1618027106, "id": 418050228, "price": 6490991.0, "quantity": 0.0958, "taker_side": "buy", "timestamp": "1618027106.024283"}
{"created_at": 1618027106, "id": 418050231, "price": 6488987.0, "quantity": 0.00112776, "taker_side": "sell", "timestamp": "1618027106.729436"}
{"created_at": 1618027106, "id": 418050239, "price": 6489200.0, "quantity": 0.001458, "taker_side": "sell", "timestamp": "1618027106.90117"}
{"created_at": 1618027106, "id": 418050241, "price": 6489200.0, "quantity": 0.00258576, "taker_side": "sell", "timestamp": "1618027106.9875891"}
{"created_at": 1618027107, "id": 418050249, "price": 6488988.0, "quantity": 0.02, "taker_side": "sell", "timestamp": "1618027107.440862"}
{"created_at": 1618027111, "id": 418050273, "price": 6491249.0, "quantity": 0.0004, "taker_side": "buy", "timestamp": "1618027111.710745"}
{"created_at": 1618027112, "id": 418050287, "price": 6490285.0, "quantity": 0.0062, "taker_side": "sell", "timestamp": "1618027112.372226"}
{"created_at": 1618027112, "id": 418050288, "price": 6488989.0, "quantity": 0.0138, "taker_side": "sell", "timestamp": "1618027112.3723469"}
{"created_at": 1618027116, "id": 418050303, "price": 6491520.0, "quantity": 0.0004, "taker_side": "buy", "timestamp": "1618027116.1679091"}
{"created_at": 1618027117, "id": 418050304, "price": 6489591.0, "quantity": 0.004, "taker_side": "sell", "timestamp": "1618027117.350944"}
{"created_at": 1618027117, "id": 418050305, "price": 6488990.0, "quantity": 0.0066, "taker_side": "sell", "timestamp": "1618027117.351066"}
{"created_at": 1618027117, "id": 418050306, "price": 6488757.0, "quantity": 0.0094, "taker_side": "sell", "timestamp": "1618027117.3512"}
{"created_at": 1618027118, "id": 418050314, "price": 6491381.0, "quantity": 0.02324768, "taker_side": "buy", "timestamp": "1618027118.515434"}
{"created_at": 1618027118, "id": 418050311, "price": 6491349.0, "quantity": 0.0094, "taker_side": "buy", "timestamp": "1618027118.515269"}
{"created_at": 1618027118, "id": 418050312, "price": 6491354.0, "quantity": 0.03398984, "taker_side": "buy", "timestamp": "1618027118.515328"}
{"created_at": 1618027118, "id": 418050313, "price": 6491379.0, "quantity": 0.00616248, "taker_side": "buy", "timestamp": "1618027118.515382"}
{"created_at": 1618027120, "id": 418050317, "price": 6491079.0, "quantity": 0.01, "taker_side": "buy", "timestamp": "1618027120.720747"}
{"created_at": 1618027120, "id": 418050318, "price": 6491215.0, "quantity": 0.002, "taker_side": "buy", "timestamp": "1618027120.720868"}
{"created_at": 1618027120, "id": 418050319, "price": 6491215.0, "quantity": 0.012, "taker_side": "buy", "timestamp": "1618027120.720974"}
{"created_at": 1618027121, "id": 418050324, "price": 6491221.0, "quantity": 0.01, "taker_side": "buy", "timestamp": "1618027121.571452"}
{"created_at": 1618027122, "id": 418050326, "price": 6490411.0, "quantity": 0.006, "taker_side": "sell", "timestamp": "1618027122.3545659"}
{"created_at": 1618027122, "id": 418050327, "price": 6490320.0, "quantity": 0.00987224, "taker_side": "sell", "timestamp": "1618027122.354687"}
{"created_at": 1618027122, "id": 418050329, "price": 6489087.0, "quantity": 0.00372776, "taker_side": "sell", "timestamp": "1618027122.3549309"}
{"created_at": 1618027122, "id": 418050328, "price": 6490001.0, "quantity": 0.0004, "taker_side": "sell", "timestamp": "1618027122.354802"}
{"created_at": 1618027123, "id": 418050333, "price": 6492499.0, "quantity": 0.0004, "taker_side": "buy", "timestamp": "1618027123.627684"}
{"created_at": 1618027123, "id": 418050334, "price": 6492640.0, "quantity": 0.000504, "taker_side": "buy", "timestamp": "1618027123.627739"}
{"created_at": 1618027123, "id": 418050332, "price": 6491520.0, "quantity": 0.000104, "taker_side": "buy", "timestamp": "1618027123.627622"}
{"created_at": 1618027123, "id": 418050335, "price": 6493033.0, "quantity": 0.004, "taker_side": "buy", "timestamp": "1618027123.6277928"}
{"created_at": 1618027123, "id": 418050337, "price": 6493113.0, "quantity": 0.03401764, "taker_side": "buy", "timestamp": "1618027123.627895"}
{"created_at": 1618027123, "id": 418050336, "price": 6493113.0, "quantity": 0.002, "taker_side": "buy", "timestamp": "1618027123.627845"}
{"created_at": 1618027123, "id": 418050338, "price": 6493113.0, "quantity": 0.00577436, "taker_side": "buy", "timestamp": "1618027123.627944"}
{"created_at": 1618027123, "id": 418050342, "price": 6492781.0, "quantity": 0.02, "taker_side": "buy", "timestamp": "1618027123.891256"}
{"created_at": 1618027123, "id": 418050343, "price": 6493110.0, "quantity": 0.006, "taker_side": "buy", "timestamp": "1618027123.891314"}
{"created_at": 1618027123, "id": 418050344, "price": 6493113.0, "quantity": 0.0272, "taker_side": "buy", "timestamp": "1618027123.891367"}
{"created_at": 1618027126, "id": 418050365, "price": 6492829.0, "quantity": 0.002, "taker_side": "buy", "timestamp": "1618027126.8564858"}
{"created_at": 1618027126, "id": 418050366, "price": 6492829.0, "quantity": 0.03398984, "taker_side": "buy", "timestamp": "1618027126.8565419"}
{"created_at": 1618027126, "id": 418050367, "price": 6492832.0, "quantity": 0.006, "taker_side": "buy", "timestamp": "1618027126.856597"}
{"created_at": 1618027126, "id": 418050368, "price": 6492835.0, "quantity": 0.05801016, "taker_side": "buy", "timestamp": "1618027126.856649"}
{"created_at": 1618027127, "id": 418050371, "price": 6489320.0, "quantity": 0.004, "taker_side": "sell", "timestamp": "1618027127.327591"}
{"created_at": 1618027127, "id": 418050372, "price": 6489280.0, "quantity": 0.000504, "taker_side": "sell", "timestamp": "1618027127.327716"}
{"created_at": 1618027127, "id": 418050373, "price": 6489108.0, "quantity": 0.015496, "taker_side": "sell", "timestamp": "1618027127.327832"}
{"created_at": 1618027132, "id": 418050376, "price": 6489338.0, "quantity": 0.02, "taker_side": "sell", "timestamp": "1618027132.4654222"}
{"created_at": 1618027137, "id": 418050388, "price": 6489344.0, "quantity": 0.02, "taker_side": "sell", "timestamp": "1618027137.360826"}
{"created_at": 1618027139, "id": 418050389, "price": 6489439.0, "quantity": 0.01, "taker_side": "buy", "timestamp": "1618027139.1232798"}
{"created_at": 1618027139, "id": 418050390, "price": 6491249.0, "quantity": 0.0004, "taker_side": "buy", "timestamp": "1618027139.12337"}
{"created_at": 1618027139, "id": 418050391, "price": 6491992.0, "quantity": 0.01, "taker_side": "buy", "timestamp": "1618027139.12345"}
{"created_at": 1618027139, "id": 418050392, "price": 6492191.0, "quantity": 0.0796, "taker_side": "buy", "timestamp": "1618027139.123517"}
{"created_at": 1618027139, "id": 418050393, "price": 6492285.0, "quantity": 0.1, "taker_side": "buy", "timestamp": "1618027139.2357419"}
{"created_at": 1618027139, "id": 418050394, "price": 6492031.0, "quantity": 0.01, "taker_side": "buy", "timestamp": "1618027139.447855"}
{"created_at": 1618027141, "id": 418050395, "price": 6490105.0, "quantity": 0.02251416, "taker_side": "sell", "timestamp": "1618027141.383418"}
{"created_at": 1618027141, "id": 418050396, "price": 6490100.0, "quantity": 0.02, "taker_side": "sell", "timestamp": "1618027141.383481"}
{"created_at": 1618027141, "id": 418050397, "price": 6489382.0, "quantity": 0.004, "taker_side": "sell", "timestamp": "1618027141.383546"}
{"created_at": 1618027141, "id": 418050399, "price": 6489085.0, "quantity": 0.02, "taker_side": "sell", "timestamp": "1618027141.383656"}
{"created_at": 1618027141, "id": 418050400, "price": 6489084.0, "quantity": 0.00616304, "taker_side": "sell", "timestamp": "1618027141.38371"}
{"created_at": 1618027141, "id": 418050398, "price": 6489354.0, "quantity": 0.01, "taker_side": "sell", "timestamp": "1618027141.383601"}
{"created_at": 1618027141, "id": 418050401, "price": 6489043.0, "quantity": 0.002, "taker_side": "sell", "timestamp": "1618027141.3837628"}
{"created_at": 1618027141, "id": 418050402, "price": 6489034.0, "quantity": 0.0163228, "taker_side": "sell", "timestamp": "1618027141.383816"}
{"created_at": 1618027142, "id": 418050406, "price": 6490280.0, "quantity": 0.01, "taker_side": "sell", "timestamp": "1618027142.4848058"}
{"created_at": 1618027142, "id": 418050407, "price": 6490275.0, "quantity": 0.01, "taker_side": "sell", "timestamp": "1618027142.4849558"}
{"created_at": 1618027143, "id": 418050408, "price": 6490275.0, "quantity": 0.05, "taker_side": "sell", "timestamp": "1618027143.021588"}
{"created_at": 1618027143, "id": 418050409, "price": 6490271.0, "quantity": 0.02, "taker_side": "sell", "timestamp": "1618027143.021717"}
{"created_at": 1618027143, "id": 418050410, "price": 6490270.0, "quantity": 0.03, "taker_side": "sell", "timestamp": "1618027143.0218399"}
{"created_at": 1618027143, "id": 418050412, "price": 6490117.0, "quantity": 0.03401764, "taker_side": "sell", "timestamp": "1618027143.2276108"}
{"created_at": 1618027143, "id": 418050414, "price": 6489865.0, "quantity": 0.20398236, "taker_side": "sell", "timestamp": "1618027143.227735"}
{"created_at": 1618027143, "id": 418050413, "price": 6490117.0, "quantity": 0.002, "taker_side": "sell", "timestamp": "1618027143.2276769"}
{"created_at": 1618027143, "id": 418050415, "price": 6489877.0, "quantity": 0.03404356, "taker_side": "sell", "timestamp": "1618027143.576324"}
{"created_at": 1618027143, "id": 418050416, "price": 6489871.0, "quantity": 0.03398984, "taker_side": "sell", "timestamp": "1618027143.576457"}
{"created_at": 1618027143, "id": 418050417, "price": 6489461.0, "quantity": 0.0319666, "taker_side": "sell", "timestamp": "1618027143.576572"}
{"created_at": 1618027143, "id": 418050419, "price": 6489461.0, "quantity": 0.0076334, "taker_side": "sell", "timestamp": "1618027143.817149"}
{"created_at": 1618027143, "id": 418050420, "price": 6489460.0, "quantity": 0.0923666, "taker_side": "sell", "timestamp": "1618027143.817316"}
{"created_at": 1618027144, "id": 418050421, "price": 6489090.0, "quantity": 0.0183728, "taker_side": "sell", "timestamp": "1618027144.0695329"}
{"created_at": 1618027144, "id": 418050422, "price": 6489085.0, "quantity": 0.04, "taker_side": "sell", "timestamp": "1618027144.069664"}
{"created_at": 1618027144, "id": 418050423, "price": 6489055.0, "quantity": 0.0416272, "taker_side": "sell", "timestamp": "1618027144.0697799"}
{"created_at": 1618027144, "id": 418050428, "price": 6489459.0, "quantity": 0.004, "taker_side": "sell", "timestamp": "1618027144.313552"}
{"created_at": 1618027144, "id": 418050429, "price": 6489097.0, "quantity": 0.03398984, "taker_side": "sell", "timestamp": "1618027144.313673"}
{"created_at": 1618027144, "id": 418050430, "price": 6489091.0, "quantity": 0.03201016, "taker_side": "sell", "timestamp": "1618027144.313819"}
{"created_at": 1618027146, "id": 418050434, "price": 6491049.0, "quantity": 0.167, "taker_side": "sell", "timestamp": "1618027146.533196"}
{"created_at": 1618027147, "id": 418050435, "price": 6490868.0, "quantity": 0.004, "taker_side": "sell", "timestamp": "1618027147.3992362"}
{"created_at": 1618027147, "id": 418050437, "price": 6489069.0, "quantity": 0.002, "taker_side": "sell", "timestamp": "1618027147.399492"}
{"created_at": 1618027147, "id": 418050438, "price": 6489069.0, "quantity": 0.0136, "taker_side": "sell", "timestamp": "1618027147.39962"}
{"created_at": 1618027147, "id": 418050436, "price": 6490001.0, "quantity": 0.0004, "taker_side": "sell", "timestamp": "1618027147.399364"}
{"created_at": 1618027149, "id": 418050439, "price": 6491662.0, "quantity": 0.1, "taker_side": "sell", "timestamp": "1618027149.0238569"}
{"created_at": 1618027150, "id": 418050441, "price": 6490371.0, "quantity": 0.0996, "taker_side": "sell", "timestamp": "1618027150.882863"}
{"created_at": 1618027150, "id": 418050440, "price": 6491251.0, "quantity": 0.0004, "taker_side": "sell", "timestamp": "1618027150.8827991"}
{"created_at": 1618027152, "id": 418050442, "price": 6491367.0, "quantity": 0.02, "taker_side": "sell", "timestamp": "1618027152.020073"}
{"created_at": 1618027152, "id": 418050443, "price": 6489871.0, "quantity": 0.0183728, "taker_side": "sell", "timestamp": "1618027152.020195"}
{"created_at": 1618027152, "id": 418050444, "price": 6489866.0, "quantity": 0.0506, "taker_side": "sell", "timestamp": "1618027152.020316"}
{"created_at": 1618027152, "id": 418050445, "price": 6489865.0, "quantity": 0.0110272, "taker_side": "sell", "timestamp": "1618027152.020437"}
{"created_at": 1618027152, "id": 418050446, "price": 6490004.0, "quantity": 0.02, "taker_side": "sell", "timestamp": "1618027152.46102"}
{"created_at": 1618027152, "id": 418050447, "price": 6492630.0, "quantity": 0.0012, "taker_side": "buy", "timestamp": "1618027152.501855"}
{"created_at": 1618027152, "id": 418050448, "price": 6492630.0, "quantity": 0.0088, "taker_side": "buy", "timestamp": "1618027152.586741"}
{"created_at": 1618027152, "id": 418050449, "price": 6492640.0, "quantity": 0.000504, "taker_side": "buy", "timestamp": "1618027152.586821"}
{"created_at": 1618027152, "id": 418050450, "price": 6493586.0, "quantity": 0.017096, "taker_side": "buy", "timestamp": "1618027152.586879"}
{"created_at": 1618027152, "id": 418050453, "price": 6493583.0, "quantity": 0.0012, "taker_side": "buy", "timestamp": "1618027152.782167"}
{"created_at": 1618027153, "id": 418050454, "price": 6490004.0, "quantity": 0.08, "taker_side": "sell", "timestamp": "1618027153.14591"}
{"created_at": 1618027153, "id": 418050455, "price": 6489742.0, "quantity": 0.0242, "taker_side": "sell", "timestamp": "1618027153.1459699"}
{"created_at": 1618027153, "id": 418050456, "price": 6489741.0, "quantity": 0.03404356, "taker_side": "sell", "timestamp": "1618027153.146034"}
{"created_at": 1618027153, "id": 418050457, "price": 6489735.0, "quantity": 0.09072924, "taker_side": "sell", "timestamp": "1618027153.146089"}
{"created_at": 1618027153, "id": 418050458, "price": 6492300.0, "quantity": 0.002, "taker_side": "buy", "timestamp": "1618027153.50477"}
{"created_at": 1618027153, "id": 418050459, "price": 6493580.0, "quantity": 0.0274, "taker_side": "buy", "timestamp": "1618027153.504858"}
{"created_at": 1618027153, "id": 418050460, "price": 6493580.0, "quantity": 0.0106, "taker_side": "buy", "timestamp": "1618027153.523586"}
{"created_at": 1618027153, "id": 418050461, "price": 6493579.0, "quantity": 0.0882, "taker_side": "buy", "timestamp": "1618027153.988992"}
{"created_at": 1618027154, "id": 418050462, "price": 6493579.0, "quantity": 0.0018, "taker_side": "buy", "timestamp": "1618027154.163433"}
{"created_at": 1618027154, "id": 418050463, "price": 6493578.0, "quantity": 0.0002, "taker_side": "buy", "timestamp": "1618027154.557336"}
{"created_at": 1618027154, "id": 418050464, "price": 6493578.0, "quantity": 0.0002, "taker_side": "buy", "timestamp": "1618027154.648501"}
{"created_at": 1618027155, "id": 418050465, "price": 6493578.0, "quantity": 0.0026, "taker_side": "buy", "timestamp": "1618027155.072235"}
{"created_at": 1618027156, "id": 418050467, "price": 6493575.0, "quantity": 0.002, "taker_side": "buy", "timestamp": "1618027156.206073"}
{"created_at": 1618027157, "id": 418050468, "price": 6493567.0, "quantity": 0.0014, "taker_side": "buy", "timestamp": "1618027157.10323"}
{"created_at": 1618027157, "id": 418050469, "price": 6493562.0, "quantity": 0.002, "taker_side": "buy", "timestamp": "1618027157.286537"}
{"created_at": 1618027157, "id": 418050470, "price": 6490286.0, "quantity": 0.01, "taker_side": "sell", "timestamp": "1618027157.441963"}
{"created_at": 1618027157, "id": 418050471, "price": 6490276.0, "quantity": 0.01, "taker_side": "sell", "timestamp": "1618027157.442095"}
{"created_at": 1618027157, "id": 418050473, "price": 6493556.0, "quantity": 0.001, "taker_side": "buy", "timestamp": "1618027157.686435"}
{"created_at": 1618027158, "id": 418050475, "price": 6493551.0, "quantity": 0.0004, "taker_side": "buy", "timestamp": "1618027158.076515"}
{"created_at": 1618027158, "id": 418050476, "price": 6492581.0, "quantity": 0.003, "taker_side": "buy", "timestamp": "1618027158.5699542"}
{"created_at": 1618027159, "id": 418050477, "price": 6492576.0, "quantity": 0.0074, "taker_side": "buy", "timestamp": "1618027159.1300302"}
{"created_at": 1618027159, "id": 418050478, "price": 6492576.0, "quantity": 0.0096, "taker_side": "buy", "timestamp": "1618027159.137585"}
{"created_at": 1618027159, "id": 418050479, "price": 6492581.0, "quantity": 0.0112, "taker_side": "buy", "timestamp": "1618027159.1376781"}
{"created_at": 1618027159, "id": 418050480, "price": 6492581.0, "quantity": 0.0004, "taker_side": "buy", "timestamp": "1618027159.179938"}
{"created_at": 1618027159, "id": 418050481, "price": 6492499.0, "quantity": 0.0004, "taker_side": "buy", "timestamp": "1618027159.389002"}
{"created_at": 1618027159, "id": 418050482, "price": 6490276.0, "quantity": 0.01999014, "taker_side": "sell", "timestamp": "1618027159.912281"}
{"created_at": 1618027159, "id": 418050483, "price": 6489477.0, "quantity": 9.86e-06, "taker_side": "sell", "timestamp": "1618027159.912406"}
{"created_at": 1618027159, "id": 418050484, "price": 6492571.0, "quantity": 0.0002, "taker_side": "buy", "timestamp": "1618027159.929724"}
{"created_at": 1618027160, "id": 418050488, "price": 6492571.0, "quantity": 0.0024, "taker_side": "buy", "timestamp": "1618027160.054964"}
{"created_at": 1618027160, "id": 418050490, "price": 6492571.0, "quantity": 0.0074, "taker_side": "buy", "timestamp": "1618027160.232765"}
{"created_at": 1618027160, "id": 418050491, "price": 6492581.0, "quantity": 0.0114, "taker_side": "buy", "timestamp": "1618027160.2328372"}
{"created_at": 1618027160, "id": 418050493, "price": 6491249.0, "quantity": 0.0002, "taker_side": "buy", "timestamp": "1618027160.5168772"}
{"created_at": 1618027160, "id": 418050494, "price": 6491249.0, "quantity": 0.0002, "taker_side": "buy", "timestamp": "1618027160.875432"}
{"created_at": 1618027160, "id": 418050495, "price": 6492942.0, "quantity": 0.0004, "taker_side": "buy", "timestamp": "1618027160.875496"}
{"created_at": 1618027160, "id": 418050496, "price": 6492942.0, "quantity": 0.0012, "taker_side": "buy", "timestamp": "1618027160.9229481"}
{"created_at": 1618027161, "id": 418050497, "price": 6492814.0, "quantity": 0.02, "taker_side": "buy", "timestamp": "1618027161.137642"}
{"created_at": 1618027161, "id": 418050498, "price": 6492941.0, "quantity": 0.0338, "taker_side": "buy", "timestamp": "1618027161.137701"}
{"created_at": 1618027161, "id": 418050499, "price": 6492941.0, "quantity": 0.0068, "taker_side": "buy", "timestamp": "1618027161.154057"}
{"created_at": 1618027161, "id": 418050500, "price": 6492938.0, "quantity": 0.012, "taker_side": "buy", "timestamp": "1618027161.17676"}
{"created_at": 1618027161, "id": 418050501, "price": 6492941.0, "quantity": 0.0012, "taker_side": "buy", "timestamp": "1618027161.176833"}
{"created_at": 1618027161, "id": 418050503, "price": 6492942.0, "quantity": 0.0004, "taker_side": "buy", "timestamp": "1618027161.5585868"}
{"created_at": 1618027161, "id": 418050504, "price": 6492942.0, "quantity": 0.0002, "taker_side": "buy", "timestamp": "1618027161.582367"}
{"created_at": 1618027161, "id": 418050505, "price": 6492942.0, "quantity": 0.0012, "taker_side": "buy", "timestamp": "1618027161.596952"}
{"created_at": 1618027162, "id": 418050506, "price": 6492942.0, "quantity": 0.0018, "taker_side": "buy", "timestamp": "1618027162.30922"}
{"created_at": 1618027162, "id": 418050507, "price": 6489625.0, "quantity": 0.02, "taker_side": "sell", "timestamp": "1618027162.4254441"}
{"created_at": 1618027162, "id": 418050508, "price": 6492942.0, "quantity": 0.0012, "taker_side": "buy", "timestamp": "1618027162.4664168"}
{"created_at": 1618027162, "id": 418050509, "price": 6492942.0, "quantity": 0.0012, "taker_side": "buy", "timestamp": "1618027162.529288"}
{"created_at": 1618027162, "id": 418050510, "price": 6492942.0, "quantity": 0.0002, "taker_side": "buy", "timestamp": "1618027162.607543"}
{"created_at": 1618027162, "id": 418050513, "price": 6492942.0, "quantity": 0.0002, "taker_side": "buy", "timestamp": "1618027162.726976"}
{"created_at": 1618027162, "id": 418050514, "price": 6492942.0, "quantity": 0.011, "taker_side": "buy", "timestamp": "1618027162.831476"}
{"created_at": 1618027163, "id": 418050515, "price": 6492814.0, "quantity": 0.0012, "taker_side": "buy", "timestamp": "1618027163.243569"}
{"created_at": 1618027163, "id": 418050516, "price": 6492814.0, "quantity": 0.0188, "taker_side": "buy", "timestamp": "1618027163.308724"}
{"created_at": 1618027163, "id": 418050517, "price": 6492942.0, "quantity": 0.0598, "taker_side": "buy", "timestamp": "1618027163.308783"}
{"created_at": 1618027163, "id": 418050518, "price": 6492942.0, "quantity": 0.002, "taker_side": "buy", "timestamp": "1618027163.376998"}
{"created_at": 1618027163, "id": 418050519, "price": 6492942.0, "quantity": 0.0012, "taker_side": "buy", "timestamp": "1618027163.608304"}
{"created_at": 1618027163, "id": 418050520, "price": 6492942.0, "quantity": 0.0008, "taker_side": "buy", "timestamp": "1618027163.829047"}
{"created_at": 1618027164, "id": 418050521, "price": 6492942.0, "quantity": 0.01, "taker_side": "buy", "timestamp": "1618027164.1353579"}
{"created_at": 1618027164, "id": 418050522, "price": 6492942.0, "quantity": 0.0072, "taker_side": "buy", "timestamp": "1618027164.185898"}
{"created_at": 1618027164, "id": 418050523, "price": 6492943.0, "quantity": 0.0392, "taker_side": "buy", "timestamp": "1618027164.1859572"}
{"created_at": 1618027164, "id": 418050524, "price": 6492943.0, "quantity": 0.0012, "taker_side": "buy", "timestamp": "1618027164.3854568"}
{"created_at": 1618027164, "id": 418050525, "price": 6492943.0, "quantity": 0.01, "taker_side": "buy", "timestamp": "1618027164.6134982"}
{"created_at": 1618027164, "id": 418050526, "price": 6492943.0, "quantity": 0.0082, "taker_side": "buy", "timestamp": "1618027164.623699"}
{"created_at": 1618027164, "id": 418050527, "price": 6492943.0, "quantity": 0.011, "taker_side": "buy", "timestamp": "1618027164.731526"}
{"created_at": 1618027165, "id": 418050528, "price": 6493255.0, "quantity": 0.01, "taker_side": "buy", "timestamp": "1618027165.171683"}
{"created_at": 1618027165, "id": 418050529, "price": 6493258.0, "quantity": 0.009, "taker_side": "buy", "timestamp": "1618027165.171753"}
{"created_at": 1618027165, "id": 418050530, "price": 6493508.0, "quantity": 0.011, "taker_side": "buy", "timestamp": "1618027165.30629"}
{"created_at": 1618027165, "id": 418050531, "price": 6493508.0, "quantity": 0.0264, "taker_side": "buy", "timestamp": "1618027165.361547"}
{"created_at": 1618027165, "id": 418050532, "price": 6493508.0, "quantity": 0.0176, "taker_side": "buy", "timestamp": "1618027165.36926"}
{"created_at": 1618027165, "id": 418050533, "price": 6493509.0, "quantity": 0.0198, "taker_side": "buy", "timestamp": "1618027165.369319"}
{"created_at": 1618027165, "id": 418050534, "price": 6492840.0, "quantity": 0.0906, "taker_side": "buy", "timestamp": "1618027165.964635"}
{"created_at": 1618027166, "id": 418050535, "price": 6492840.0, "quantity": 0.0012, "taker_side": "buy", "timestamp": "1618027166.029818"}
{"created_at": 1618027166, "id": 418050536, "price": 6492840.0, "quantity": 0.0022, "taker_side": "buy", "timestamp": "1618027166.0481331"}
{"created_at": 1618027166, "id": 418050537, "price": 6492840.0, "quantity": 0.005, "taker_side": "buy", "timestamp": "1618027166.099781"}
{"created_at": 1618027166, "id": 418050538, "price": 6492840.0, "quantity": 0.001, "taker_side": "buy", "timestamp": "1618027166.396091"}
{"created_at": 1618027166, "id": 418050540, "price": 6493509.0, "quantity": 0.0112, "taker_side": "buy", "timestamp": "1618027166.396218"}
{"created_at": 1618027166, "id": 418050539, "price": 6493502.0, "quantity": 0.002, "taker_side": "buy", "timestamp": "1618027166.396151"}
{"created_at": 1618027166, "id": 418050541, "price": 6493509.0, "quantity": 0.0366, "taker_side": "buy", "timestamp": "1618027166.491403"}
{"created_at": 1618027166, "id": 418050544, "price": 6493509.0, "quantity": 0.0012, "taker_side": "buy", "timestamp": "1618027166.511256"}
{"created_at": 1618027166, "id": 418050545, "price": 6492535.0, "quantity": 0.0012, "taker_side": "buy", "timestamp": "1618027166.839309"}
{"created_at": 1618027167, "id": 418050547, "price": 6492535.0, "quantity": 0.0188, "taker_side": "buy", "timestamp": "1618027167.009729"}
{"created_at": 1618027167, "id": 418050548, "price": 6493582.0, "quantity": 0.012, "taker_side": "buy", "timestamp": "1618027167.009792"}
{"created_at": 1618027167, "id": 418050549, "price": 6493616.0, "quantity": 0.004, "taker_side": "buy", "timestamp": "1618027167.009846"}
{"created_at": 1618027167, "id": 418050550, "price": 6493664.0, "quantity": 0.001, "taker_side": "buy", "timestamp": "1618027167.009899"}
{"created_at": 1618027167, "id": 418050554, "price": 6493658.0, "quantity": 0.0028, "taker_side": "buy", "timestamp": "1618027167.462811"}
{"created_at": 1618027167, "id": 418050555, "price": 6493658.0, "quantity": 0.0042, "taker_side": "buy", "timestamp": "1618027167.485322"}
{"created_at": 1618027167, "id": 418050557, "price": 6493658.0, "quantity": 0.0012, "taker_side": "buy", "timestamp": "1618027167.5534441"}
{"created_at": 1618027167, "id": 418050558, "price": 6491251.0, "quantity": 0.0004, "taker_side": "sell", "timestamp": "1618027167.643977"}
{"created_at": 1618027167, "id": 418050560, "price": 6489800.0, "quantity": 0.0192, "taker_side": "sell", "timestamp": "1618027167.6442182"}
{"created_at": 1618027167, "id": 418050559, "price": 6490001.0, "quantity": 0.0004, "taker_side": "sell", "timestamp": "1618027167.644099"}
{"created_at": 1618027167, "id": 418050561, "price": 6493657.0, "quantity": 0.005, "taker_side": "buy", "timestamp": "1618027167.661042"}
{"created_at": 1618027167, "id": 418050563, "price": 6493657.0, "quantity": 0.0468, "taker_side": "buy", "timestamp": "1618027167.682368"}
{"created_at": 1618027167, "id": 418050564, "price": 6493657.0, "quantity": 0.016, "taker_side": "buy", "timestamp": "1618027167.713554"}
{"created_at": 1618027167, "id": 418050567, "price": 6493658.0, "quantity": 0.0026, "taker_side": "buy", "timestamp": "1618027167.875078"}
{"created_at": 1618027167, "id": 418050568, "price": 6493657.0, "quantity": 0.0732, "taker_side": "buy", "timestamp": "1618027167.943295"}
{"created_at": 1618027168, "id": 418050570, "price": 6493657.0, "quantity": 0.001, "taker_side": "buy", "timestamp": "1618027168.09862"}
{"created_at": 1618027168, "id": 418050571, "price": 6493657.0, "quantity": 0.0144, "taker_side": "buy", "timestamp": "1618027168.241704"}
{"created_at": 1618027168, "id": 418050572, "price": 6493657.0, "quantity": 0.0258, "taker_side": "buy", "timestamp": "1618027168.2888992"}
{"created_at": 1618027168, "id": 418050573, "price": 6493657.0, "quantity": 0.0038, "taker_side": "buy", "timestamp": "1618027168.2919402"}
{"created_at": 1618027168, "id": 418050574, "price": 6493657.0, "quantity": 0.0018, "taker_side": "buy", "timestamp": "1618027168.355254"}
{"created_at": 1618027168, "id": 418050575, "price": 6493657.0, "quantity": 0.0008, "taker_side": "buy", "timestamp": "1618027168.449622"}
{"created_at": 1618027168, "id": 418050576, "price": 6493657.0, "quantity": 0.0014, "taker_side": "buy", "timestamp": "1618027168.495656"}
{"created_at": 1618027168, "id": 418050577, "price": 6493657.0, "quantity": 0.0048, "taker_side": "buy", "timestamp": "1618027168.5210729"}
{"created_at": 1618027168, "id": 418050578, "price": 6493652.0, "quantity": 0.001, "taker_side": "buy", "timestamp": "1618027168.762395"}
{"created_at": 1618027168, "id": 418050579, "price": 6493651.0, "quantity": 0.0012, "taker_side": "buy", "timestamp": "1618027168.8248372"}
{"created_at": 1618027169, "id": 418050580, "price": 6493645.0, "quantity": 0.0132, "taker_side": "buy", "timestamp": "1618027169.108015"}
{"created_at": 1618027169, "id": 418050581, "price": 6493645.0, "quantity": 0.02081764, "taker_side": "buy", "timestamp": "1618027169.114851"}
{"created_at": 1618027169, "id": 418050582, "price": 6493648.0, "quantity": 0.01198236, "taker_side": "buy", "timestamp": "1618027169.114909"}
{"created_at": 1618027169, "id": 418050585, "price": 6493642.0, "quantity": 0.0096, "taker_side": "buy", "timestamp": "1618027169.337632"}
{"created_at": 1618027169, "id": 418050587, "price": 6493641.0, "quantity": 0.001, "taker_side": "buy", "timestamp": "1618027169.383677"}
{"created_at": 1618027169, "id": 418050588, "price": 6493634.0, "quantity": 0.0006, "taker_side": "buy", "timestamp": "1618027169.4294772"}
{"created_at": 1618027169, "id": 418050589, "price": 6493634.0, "quantity": 0.0014, "taker_side": "buy", "timestamp": "1618027169.465695"}
{"created_at": 1618027169, "id": 418050590, "price": 6493637.0, "quantity": 0.0002, "taker_side": "buy", "timestamp": "1618027169.465761"}
{"created_at": 1618027169, "id": 418050593, "price": 6493633.0, "quantity": 0.0016, "taker_side": "buy", "timestamp": "1618027169.5796192"}
{"created_at": 1618027169, "id": 418050596, "price": 6493636.0, "quantity": 0.0124, "taker_side": "buy", "timestamp": "1618027169.762311"}
{"created_at": 1618027169, "id": 418050597, "price": 6493637.0, "quantity": 0.0146, "taker_side": "buy", "timestamp": "1618027169.954676"}
{"created_at": 1618027170, "id": 418050599, "price": 6493637.0, "quantity": 0.0035874, "taker_side": "buy", "timestamp": "1618027170.192852"}
{"created_at": 1618027170, "id": 418050600, "price": 6493642.0, "quantity": 0.02438984, "taker_side": "buy", "timestamp": "1618027170.192922"}
{"created_at": 1618027170, "id": 418050601, "price": 6493649.0, "quantity": 0.00502276, "taker_side": "buy", "timestamp": "1618027170.1929758"}
{"created_at": 1618027170, "id": 418050602, "price": 6493649.0, "quantity": 0.00297724, "taker_side": "buy", "timestamp": "1618027170.23261"}
{"created_at": 1618027170, "id": 418050603, "price": 6493658.0, "quantity": 0.0075728, "taker_side": "buy", "timestamp": "1618027170.232671"}
{"created_at": 1618027170, "id": 418050605, "price": 6493665.0, "quantity": 0.01704996, "taker_side": "buy", "timestamp": "1618027170.2327769"}
{"created_at": 1618027170, "id": 418050604, "price": 6493660.0, "quantity": 0.008, "taker_side": "buy", "timestamp": "1618027170.232725"}
{"created_at": 1618027170, "id": 418050607, "price": 6493749.0, "quantity": 0.0004, "taker_side": "buy", "timestamp": "1618027170.6079202"}
{"created_at": 1618027170, "id": 418050609, "price": 6493944.0, "quantity": 0.000896, "taker_side": "buy", "timestamp": "1618027170.6080441"}
{"created_at": 1618027170, "id": 418050608, "price": 6493760.0, "quantity": 0.000504, "taker_side": "buy", "timestamp": "1618027170.6079879"}
{"created_at": 1618027170, "id": 418050610, "price": 6493944.0, "quantity": 0.019104, "taker_side": "buy", "timestamp": "1618027170.6504378"}
{"created_at": 1618027170, "id": 418050611, "price": 6494069.0, "quantity": 0.006096, "taker_side": "buy", "timestamp": "1618027170.650496"}
{"created_at": 1618027170, "id": 418050612, "price": 6494069.0, "quantity": 0.024704, "taker_side": "buy", "timestamp": "1618027170.6977541"}
{"created_at": 1618027170, "id": 418050613, "price": 6494070.0, "quantity": 0.051696, "taker_side": "buy", "timestamp": "1618027170.697812"}
{"created_at": 1618027170, "id": 418050614, "price": 6494070.0, "quantity": 0.0106, "taker_side": "buy", "timestamp": "1618027170.707305"}
{"created_at": 1618027170, "id": 418050615, "price": 6493943.0, "quantity": 0.0032, "taker_side": "buy", "timestamp": "1618027170.713964"}
{"created_at": 1618027170, "id": 418050616, "price": 6493943.0, "quantity": 0.011, "taker_side": "buy", "timestamp": "1618027170.764151"}
{"created_at": 1618027171, "id": 418050617, "price": 6493944.0, "quantity": 0.003, "taker_side": "buy", "timestamp": "1618027171.3426821"}
{"created_at": 1618027171, "id": 418050620, "price": 6493941.0, "quantity": 0.006, "taker_side": "buy", "timestamp": "1618027171.793398"}
{"created_at": 1618027172, "id": 418050621, "price": 6490601.0, "quantity": 0.01, "taker_side": "sell", "timestamp": "1618027172.095883"}
{"created_at": 1618027172, "id": 418050622, "price": 6490602.0, "quantity": 0.02, "taker_side": "sell", "timestamp": "1618027172.4385548"}
{"created_at": 1618027172, "id": 418050624, "price": 6493605.0, "quantity": 0.02, "taker_side": "buy", "timestamp": "1618027172.643805"}
{"created_at": 1618027172, "id": 418050625, "price": 6493934.0, "quantity": 0.03404356, "taker_side": "buy", "timestamp": "1618027172.643925"}
{"created_at": 1618027172, "id": 418050626, "price": 6493941.0, "quantity": 0.00595644, "taker_side": "buy", "timestamp": "1618027172.644043"}
{"created_at": 1618027172, "id": 418050629, "price": 6493604.0, "quantity": 0.01998566, "taker_side": "buy", "timestamp": "1618027172.804974"}
{"created_at": 1618027173, "id": 418050635, "price": 6493303.0, "quantity": 0.002, "taker_side": "buy", "timestamp": "1618027173.044218"}
{"created_at": 1618027174, "id": 418050638, "price": 6490602.0, "quantity": 0.0086, "taker_side": "sell", "timestamp": "1618027174.7341719"}
{"created_at": 1618027174, "id": 418050637, "price": 6490607.0, "quantity": 0.0034, "taker_side": "sell", "timestamp": "1618027174.734051"}
{"created_at": 1618027174, "id": 418050640, "price": 6490602.0, "quantity": 0.0114, "taker_side": "sell", "timestamp": "1618027174.973354"}
{"created_at": 1618027175, "id": 418050642, "price": 6490590.0, "quantity": 0.02, "taker_side": "buy", "timestamp": "1618027175.9205592"}
{"created_at": 1618027177, "id": 418050644, "price": 6491249.0, "quantity": 0.0004, "taker_side": "buy", "timestamp": "1618027177.07152"}
{"created_at": 1618027177, "id": 418050645, "price": 6492499.0, "quantity": 0.0004, "taker_side": "buy", "timestamp": "1618027177.07163"}
{"created_at": 1618027177, "id": 418050646, "price": 6492732.0, "quantity": 0.01, "taker_side": "buy", "timestamp": "1618027177.142945"}
{"created_at": 1618027177, "id": 418050648, "price": 6492838.0, "quantity": 0.02, "taker_side": "buy", "timestamp": "1618027177.1430578"}
{"created_at": 1618027177, "id": 418050647, "price": 6492832.0, "quantity": 0.002, "taker_side": "buy", "timestamp": "1618027177.143004"}
{"created_at": 1618027177, "id": 418050649, "price": 6492839.0, "quantity": 0.048, "taker_side": "buy", "timestamp": "1618027177.143109"}
{"created_at": 1618027177, "id": 418050651, "price": 6492590.0, "quantity": 0.002, "taker_side": "sell", "timestamp": "1618027177.1845171"}
{"created_at": 1618027177, "id": 418050652, "price": 6492590.0, "quantity": 0.0286, "taker_side": "sell", "timestamp": "1618027177.186236"}
{"created_at": 1618027177, "id": 418050655, "price": 6490400.0, "quantity": 0.000504, "taker_side": "sell", "timestamp": "1618027177.4746292"}
{"created_at": 1618027177, "id": 418050656, "price": 6489800.0, "quantity": 0.017296, "taker_side": "sell", "timestamp": "1618027177.47475"}
{"created_at": 1618027177, "id": 418050658, "price": 6492498.0, "quantity": 0.0198, "taker_side": "buy", "timestamp": "1618027177.519605"}
{"created_at": 1618027177, "id": 418050663, "price": 6492498.0, "quantity": 0.0002, "taker_side": "buy", "timestamp": "1618027177.993706"}
{"created_at": 1618027180, "id": 418050669, "price": 6489800.0, "quantity": 0.002, "taker_side": "sell", "timestamp": "1618027180.207406"}
{"created_at": 1618027180, "id": 418050670, "price": 6489831.0, "quantity": 0.002, "taker_side": "sell", "timestamp": "1618027180.653059"}
{"created_at": 1618027180, "id": 418050671, "price": 6492498.0, "quantity": 0.02, "taker_side": "buy", "timestamp": "1618027180.777656"}
{"created_at": 1618027180, "id": 418050672, "price": 6492499.0, "quantity": 0.02, "taker_side": "sell", "timestamp": "1618027180.97991"}
{"created_at": 1618027184, "id": 418050679, "price": 6492375.0, "quantity": 0.02, "taker_side": "buy", "timestamp": "1618027184.805996"}
{"created_at": 1618027184, "id": 418050680, "price": 6493137.0, "quantity": 0.00924298, "taker_side": "buy", "timestamp": "1618027184.806056"}
{"created_at": 1618027184, "id": 418050681, "price": 6493220.0, "quantity": 0.03404356, "taker_side": "buy", "timestamp": "1618027184.8061109"}
{"created_at": 1618027184, "id": 418050682, "price": 6493232.0, "quantity": 0.01838986, "taker_side": "buy", "timestamp": "1618027184.806176"}
{"created_at": 1618027184, "id": 418050683, "price": 6493490.0, "quantity": 0.004, "taker_side": "buy", "timestamp": "1618027184.8062332"}
{"created_at": 1618027184, "id": 418050684, "price": 6493656.0, "quantity": 0.0143236, "taker_side": "buy", "timestamp": "1618027184.8062851"}
{"created_at": 1618027184, "id": 418050688, "price": 6490412.0, "quantity": 0.00372134, "taker_side": "sell", "timestamp": "1618027184.9202182"}
{"created_at": 1618027186, "id": 418050694, "price": 6490704.0, "quantity": 0.0044, "taker_side": "sell", "timestamp": "1618027186.082848"}
{"created_at": 1618027186, "id": 418050695, "price": 6490703.0, "quantity": 0.0156, "taker_side": "sell", "timestamp": "1618027186.082977"}
{"created_at": 1618027186, "id": 418050697, "price": 6490703.0, "quantity": 0.01844356, "taker_side": "sell", "timestamp": "1618027186.891037"}
{"created_at": 1618027186, "id": 418050698, "price": 6490698.0, "quantity": 0.0022, "taker_side": "sell", "timestamp": "1618027186.8911119"}
{"created_at": 1618027186, "id": 418050699, "price": 6490697.0, "quantity": 0.0134, "taker_side": "sell", "timestamp": "1618027186.891167"}
{"created_at": 1618027186, "id": 418050700, "price": 6490697.0, "quantity": 0.026, "taker_side": "sell", "timestamp": "1618027186.950814"}
{"created_at": 1618027187, "id": 418050701, "price": 6490713.0, "quantity": 0.008, "taker_side": "sell", "timestamp": "1618027187.249372"}
{"created_at": 1618027188, "id": 418050703, "price": 6493180.0, "quantity": 0.04, "taker_side": "sell", "timestamp": "1618027188.264724"}
{"created_at": 1618027190, "id": 418050706, "price": 6492501.0, "quantity": 0.0004, "taker_side": "sell", "timestamp": "1618027190.058691"}
{"created_at": 1618027190, "id": 418050707, "price": 6491483.0, "quantity": 0.02, "taker_side": "sell", "timestamp": "1618027190.058752"}
{"created_at": 1618027190, "id": 418050709, "price": 6490934.0, "quantity": 0.004, "taker_side": "sell", "timestamp": "1618027190.058868"}
{"created_at": 1618027190, "id": 418050708, "price": 6491251.0, "quantity": 0.0004, "taker_side": "sell", "timestamp": "1618027190.0588129"}
{"created_at": 1618027190, "id": 418050711, "price": 6490793.0, "quantity": 0.00406664, "taker_side": "sell", "timestamp": "1618027190.058982"}
{"created_at": 1618027190, "id": 418050710, "price": 6490794.0, "quantity": 0.02, "taker_side": "sell", "timestamp": "1618027190.058924"}
{"created_at": 1618027191, "id": 418050715, "price": 6493757.0, "quantity": 0.006, "taker_side": "buy", "timestamp": "1618027191.621084"}
{"created_at": 1618027191, "id": 418050716, "price": 6493757.0, "quantity": 0.004, "taker_side": "buy", "timestamp": "1618027191.6212091"}
{"created_at": 1618027191, "id": 418050717, "price": 6493760.0, "quantity": 0.000504, "taker_side": "buy", "timestamp": "1618027191.6213188"}
{"created_at": 1618027191, "id": 418050718, "price": 6493944.0, "quantity": 0.001, "taker_side": "buy", "timestamp": "1618027191.6214242"}
{"created_at": 1618027191, "id": 418050719, "price": 6494311.0, "quantity": 0.028496, "taker_side": "buy", "timestamp": "1618027191.6215382"}
{"created_at": 1618027191, "id": 418050720, "price": 6494306.0, "quantity": 0.04, "taker_side": "buy", "timestamp": "1618027191.671674"}
{"created_at": 1618027191, "id": 418050724, "price": 6492511.0, "quantity": 0.002, "taker_side": "sell", "timestamp": "1618027191.888753"}
{"created_at": 1618027191, "id": 418050725, "price": 6491524.0, "quantity": 0.01232276, "taker_side": "sell", "timestamp": "1618027191.888813"}
{"created_at": 1618027191, "id": 418050726, "price": 6491076.0, "quantity": 0.02767724, "taker_side": "sell", "timestamp": "1618027191.888868"}
{"created_at": 1618027192, "id": 418050733, "price": 6493554.0, "quantity": 0.002, "taker_side": "buy", "timestamp": "1618027192.4296288"}
{"created_at": 1618027192, "id": 418050734, "price": 6493760.0, "quantity": 0.02, "taker_side": "buy", "timestamp": "1618027192.4297411"}
{"created_at": 1618027192, "id": 418050735, "price": 6494310.0, "quantity": 0.018, "taker_side": "buy", "timestamp": "1618027192.4298508"}
{"created_at": 1618027193, "id": 418050739, "price": 6494307.0, "quantity": 0.008, "taker_side": "buy", "timestamp": "1618027193.012852"}
{"created_at": 1618027193, "id": 418050740, "price": 6494454.0, "quantity": 0.0044, "taker_side": "buy", "timestamp": "1618027193.012913"}
{"created_at": 1618027193, "id": 418050742, "price": 6494973.0, "quantity": 0.007096, "taker_side": "buy", "timestamp": "1618027193.013023"}
{"created_at": 1618027193, "id": 418050741, "price": 6494880.0, "quantity": 0.000504, "taker_side": "buy", "timestamp": "1618027193.012966"}
{"created_at": 1618027193, "id": 418050745, "price": 6491881.0, "quantity": 0.01232276, "taker_side": "sell", "timestamp": "1618027193.6133618"}
{"created_at": 1618027193, "id": 418050746, "price": 6491876.0, "quantity": 0.08787724, "taker_side": "sell", "timestamp": "1618027193.613463"}
{"created_at": 1618027193, "id": 418050747, "price": 6494451.0, "quantity": 0.00044134, "taker_side": "buy", "timestamp": "1618027193.878707"}
{"created_at": 1618027194, "id": 418050748, "price": 6494451.0, "quantity": 0.01555866, "taker_side": "buy", "timestamp": "1618027194.757865"}
{"created_at": 1618027194, "id": 418050749, "price": 6494950.0, "quantity": 0.03400724, "taker_side": "buy", "timestamp": "1618027194.7579231"}
{"created_at": 1618027194, "id": 418050750, "price": 6494950.0, "quantity": 0.03404758, "taker_side": "buy", "timestamp": "1618027194.757997"}
{"created_at": 1618027194, "id": 418050751, "price": 6494950.0, "quantity": 0.002, "taker_side": "buy", "timestamp": "1618027194.7580469"}
{"created_at": 1618027194, "id": 418050752, "price": 6494950.0, "quantity": 0.01438652, "taker_side": "buy", "timestamp": "1618027194.758098"}
{"created_at": 1618027195, "id": 418050756, "price": 6494310.0, "quantity": 0.08, "taker_side": "sell", "timestamp": "1618027195.192001"}
{"created_at": 1618027195, "id": 418050757, "price": 6492106.0, "quantity": 0.002, "taker_side": "sell", "timestamp": "1618027195.196011"}
{"created_at": 1618027195, "id": 418050758, "price": 6492096.0, "quantity": 0.002, "taker_side": "sell", "timestamp": "1618027195.196092"}
{"created_at": 1618027196, "id": 418050763, "price": 6493004.0, "quantity": 0.00509516, "taker_side": "sell", "timestamp": "1618027196.1751611"}
{"created_at": 1618027196, "id": 418050764, "price": 6492327.0, "quantity": 0.002, "taker_side": "sell", "timestamp": "1618027196.175245"}
{"created_at": 1618027196, "id": 418050765, "price": 6492107.0, "quantity": 0.07290484, "taker_side": "sell", "timestamp": "1618027196.1753001"}
{"created_at": 1618027197, "id": 418050772, "price": 6492119.0, "quantity": 0.02, "taker_side": "sell", "timestamp": "1618027197.920762"}
{"created_at": 1618027198, "id": 418050773, "price": 6492499.0, "quantity": 0.0004, "taker_side": "buy", "timestamp": "1618027198.620766"}
{"created_at": 1618027198, "id": 418050774, "price": 6493749.0, "quantity": 0.0004, "taker_side": "buy", "timestamp": "1618027198.6208792"}
{"created_at": 1618027198, "id": 418050775, "price": 6494963.0, "quantity": 0.016, "taker_side": "buy", "timestamp": "1618027198.620996"}
{"created_at": 1618027198, "id": 418050776, "price": 6494999.0, "quantity": 0.0004, "taker_side": "buy", "timestamp": "1618027198.621119"}
{"created_at": 1618027199, "id": 418050782, "price": 6495531.0, "quantity": 0.01998942, "taker_side": "buy", "timestamp": "1618027199.574364"}
{"created_at": 1618027199, "id": 418050783, "price": 6495531.0, "quantity": 0.04, "taker_side": "buy", "timestamp": "1618027199.651202"}
{"created_at": 1618027199, "id": 418050787, "price": 6495000.0, "quantity": 0.0028, "taker_side": "sell", "timestamp": "1618027199.810976"}
