{"created_at": 1618027200, "id": 418050795, "price": 6492130.0, "quantity": 0.03404758, "taker_side": "sell", "timestamp": "1618027200.8965251"}
{"created_at": 1618027200, "id": 418050797, "price": 6492124.0, "quantity": 0.0002, "taker_side": "sell", "timestamp": "1618027200.896648"}
{"created_at": 1618027200, "id": 418050796, "price": 6492125.0, "quantity": 0.0198, "taker_side": "sell", "timestamp": "1618027200.896592"}
{"created_at": 1618027201, "id": 418050798, "price": 6495090.0, "quantity": 0.02921242, "taker_side": "buy", "timestamp": "1618027201.3465412"}
{"created_at": 1618027201, "id": 418050799, "price": 6495463.0, "quantity": 0.002, "taker_side": "buy", "timestamp": "1618027201.346653"}
{"created_at": 1618027201, "id": 418050800, "price": 6495528.0, "quantity": 0.01, "taker_side": "buy", "timestamp": "1618027201.3467572"}
{"created_at": 1618027201, "id": 418050801, "price": 6495724.0, "quantity": 0.0396, "taker_side": "buy", "timestamp": "1618027201.346876"}
{"created_at": 1618027202, "id": 418050806, "price": 6496000.0, "quantity": 0.000504, "taker_side": "buy", "timestamp": "1618027202.2421372"}
{"created_at": 1618027202, "id": 418050807, "price": 6496249.0, "quantity": 0.0002, "taker_side": "buy", "timestamp": "1618027202.2423491"}
{"created_at": 1618027202, "id": 418050808, "price": 6497120.0, "quantity": 0.000504, "taker_side": "buy", "timestamp": "1618027202.242541"}
{"created_at": 1618027202, "id": 418050809, "price": 6497308.0, "quantity": 0.01837222, "taker_side": "buy", "timestamp": "1618027202.275811"}
{"created_at": 1618027202, "id": 418050810, "price": 6497314.0, "quantity": 0.00162778, "taker_side": "buy", "timestamp": "1618027202.275879"}
{"created_at": 1618027202, "id": 418050811, "price": 6497163.0, "quantity": 0.01, "taker_side": "sell", "timestamp": "1618027202.310357"}
{"created_at": 1618027202, "id": 418050814, "price": 6497163.0, "quantity": 0.004, "taker_side": "sell", "timestamp": "1618027202.426123"}
{"created_at": 1618027202, "id": 418050815, "price": 6497163.0, "quantity": 0.0088, "taker_side": "sell", "timestamp": "1618027202.594691"}
{"created_at": 1618027202, "id": 418050816, "price": 6497314.0, "quantity": 0.01675962, "taker_side": "buy", "timestamp": "1618027202.616192"}
{"created_at": 1618027202, "id": 418050817, "price": 6497319.0, "quantity": 0.009178, "taker_side": "buy", "timestamp": "1618027202.6163142"}
{"created_at": 1618027202, "id": 418050818, "price": 6497319.0, "quantity": 0.0091948, "taker_side": "buy", "timestamp": "1618027202.638376"}
{"created_at": 1618027202, "id": 418050820, "price": 6497163.0, "quantity": 0.000896, "taker_side": "sell", "timestamp": "1618027202.653881"}
{"created_at": 1618027202, "id": 418050819, "price": 6497323.0, "quantity": 0.10507114, "taker_side": "sell", "timestamp": "1618027202.653808"}
{"created_at": 1618027202, "id": 418050821, "price": 6496129.0, "quantity": 0.006, "taker_side": "sell", "timestamp": "1618027202.6539361"}
{"created_at": 1618027202, "id": 418050822, "price": 6495961.0, "quantity": 0.00722044, "taker_side": "sell", "timestamp": "1618027202.654019"}
{"created_at": 1618027202, "id": 418050823, "price": 6497324.0, "quantity": 0.01837234, "taker_side": "buy", "timestamp": "1618027202.7050319"}
{"created_at": 1618027202, "id": 418050824, "price": 6497498.0, "quantity": 0.044, "taker_side": "buy", "timestamp": "1618027202.7051442"}
{"created_at": 1618027202, "id": 418050826, "price": 6497499.0, "quantity": 0.0002, "taker_side": "buy", "timestamp": "1618027202.72017"}
{"created_at": 1618027202, "id": 418050827, "price": 6497777.0, "quantity": 0.4, "taker_side": "buy", "timestamp": "1618027202.754484"}
{"created_at": 1618027202, "id": 418050828, "price": 6497960.0, "quantity": 0.0002, "taker_side": "buy", "timestamp": "1618027202.7545972"}
{"created_at": 1618027202, "id": 418050831, "price": 6498000.0, "quantity": 0.003, "taker_side": "buy", "timestamp": "1618027202.764332"}
{"created_at": 1618027202, "id": 418050832, "price": 6498000.0, "quantity": 0.017, "taker_side": "buy", "timestamp": "1618027202.76441"}
{"created_at": 1618027202, "id": 418050833, "price": 6498000.0, "quantity": 0.02, "taker_side": "buy", "timestamp": "1618027202.813697"}
{"created_at": 1618027202, "id": 418050834, "price": 6498000.0, "quantity": 0.163, "taker_side": "buy", "timestamp": "1618027202.818326"}
{"created_at": 1618027202, "id": 418050835, "price": 6498240.0, "quantity": 0.000504, "taker_side": "buy", "timestamp": "1618027202.8183858"}
{"created_at": 1618027202, "id": 418050836, "price": 6498512.0, "quantity": 0.01231794, "taker_side": "buy", "timestamp": "1618027202.81844"}
{"created_at": 1618027202, "id": 418050839, "price": 6498765.0, "quantity": 0.002, "taker_side": "buy", "timestamp": "1618027202.818605"}
{"created_at": 1618027202, "id": 418050837, "price": 6498519.0, "quantity": 0.00196138, "taker_side": "buy", "timestamp": "1618027202.818493"}
{"created_at": 1618027202, "id": 418050840, "price": 6498787.0, "quantity": 0.02001668, "taker_side": "buy", "timestamp": "1618027202.818678"}
{"created_at": 1618027202, "id": 418050838, "price": 6498749.0, "quantity": 0.0002, "taker_side": "buy", "timestamp": "1618027202.8185449"}
{"created_at": 1618027202, "id": 418050841, "price": 6498266.0, "quantity": 0.002, "taker_side": "sell", "timestamp": "1618027202.8318112"}
{"created_at": 1618027202, "id": 418050843, "price": 6498837.0, "quantity": 0.002, "taker_side": "buy", "timestamp": "1618027202.851618"}
{"created_at": 1618027202, "id": 418050842, "price": 6498411.0, "quantity": 0.002, "taker_side": "sell", "timestamp": "1618027202.845375"}
{"created_at": 1618027202, "id": 418050844, "price": 6498838.0, "quantity": 0.008, "taker_side": "buy", "timestamp": "1618027202.851676"}
{"created_at": 1618027202, "id": 418050845, "price": 6498838.0, "quantity": 0.01038986, "taker_side": "buy", "timestamp": "1618027202.884066"}
{"created_at": 1618027202, "id": 418050846, "price": 6498888.0, "quantity": 0.00961014, "taker_side": "buy", "timestamp": "1618027202.884127"}
{"created_at": 1618027202, "id": 418050847, "price": 6498888.0, "quantity": 0.02, "taker_side": "buy", "timestamp": "1618027202.92094"}
{"created_at": 1618027202, "id": 418050848, "price": 6498888.0, "quantity": 0.006, "taker_side": "buy", "timestamp": "1618027202.925353"}
{"created_at": 1618027203, "id": 418050854, "price": 6498888.0, "quantity": 0.18704656, "taker_side": "buy", "timestamp": "1618027203.016742"}
{"created_at": 1618027203, "id": 418050856, "price": 6498844.0, "quantity": 0.0996, "taker_side": "buy", "timestamp": "1618027203.053282"}
{"created_at": 1618027203, "id": 418050853, "price": 6498888.0, "quantity": 0.36398986, "taker_side": "buy", "timestamp": "1618027203.016617"}
{"created_at": 1618027202, "id": 418050850, "price": 6498888.0, "quantity": 0.0004, "taker_side": "buy", "timestamp": "1618027202.985926"}
{"created_at": 1618027203, "id": 418050857, "price": 6498844.0, "quantity": 0.0324, "taker_side": "buy", "timestamp": "1618027203.0915358"}
{"created_at": 1618027203, "id": 418050858, "price": 6498888.0, "quantity": 0.12721548, "taker_side": "buy", "timestamp": "1618027203.091733"}
{"created_at": 1618027203, "id": 418050859, "price": 6498888.0, "quantity": 0.00793796, "taker_side": "buy", "timestamp": "1618027203.096303"}
{"created_at": 1618027203, "id": 418050860, "price": 6498888.0, "quantity": 0.002, "taker_side": "sell", "timestamp": "1618027203.1081548"}
{"created_at": 1618027203, "id": 418050861, "price": 6499000.0, "quantity": 0.16, "taker_side": "buy", "timestamp": "1618027203.113178"}
{"created_at": 1618027203, "id": 418050863, "price": 6498411.0, "quantity": 0.03, "taker_side": "sell", "timestamp": "1618027203.191713"}
{"created_at": 1618027203, "id": 418050864, "price": 6498411.0, "quantity": 0.002, "taker_side": "sell", "timestamp": "1618027203.195088"}
{"created_at": 1618027203, "id": 418050865, "price": 6498972.0, "quantity": 0.002, "taker_side": "sell", "timestamp": "1618027203.2274501"}
{"created_at": 1618027203, "id": 418050866, "price": 6497925.0, "quantity": 0.01231388, "taker_side": "sell", "timestamp": "1618027203.346093"}
{"created_at": 1618027203, "id": 418050867, "price": 6497810.0, "quantity": 0.00268612, "taker_side": "sell", "timestamp": "1618027203.346224"}
{"created_at": 1618027203, "id": 418050868, "price": 6497810.0, "quantity": 0.004, "taker_side": "sell", "timestamp": "1618027203.353981"}
{"created_at": 1618027203, "id": 418050872, "price": 6499360.0, "quantity": 0.000504, "taker_side": "buy", "timestamp": "1618027203.615171"}
{"created_at": 1618027203, "id": 418050873, "price": 6499590.0, "quantity": 0.0183882, "taker_side": "buy", "timestamp": "1618027203.615333"}
{"created_at": 1618027203, "id": 418050874, "price": 6499712.0, "quantity": 0.00109864, "taker_side": "buy", "timestamp": "1618027203.615437"}
{"created_at": 1618027203, "id": 418050878, "price": 6497810.0, "quantity": 0.002, "taker_side": "sell", "timestamp": "1618027203.843529"}
{"created_at": 1618027203, "id": 418050879, "price": 6497810.0, "quantity": 0.002, "taker_side": "sell", "timestamp": "1618027203.9066188"}
{"created_at": 1618027203, "id": 418050881, "price": 6497816.0, "quantity": 0.002, "taker_side": "sell", "timestamp": "1618027203.970879"}
{"created_at": 1618027204, "id": 418050883, "price": 6498755.0, "quantity": 0.02, "taker_side": "buy", "timestamp": "1618027204.288565"}
{"created_at": 1618027204, "id": 418050884, "price": 6498765.0, "quantity": 0.01, "taker_side": "buy", "timestamp": "1618027204.288674"}
{"created_at": 1618027204, "id": 418050885, "price": 6499712.0, "quantity": 0.00390136, "taker_side": "buy", "timestamp": "1618027204.288778"}
{"created_at": 1618027204, "id": 418050886, "price": 6499977.0, "quantity": 0.01837234, "taker_side": "buy", "timestamp": "1618027204.288895"}
{"created_at": 1618027204, "id": 418050887, "price": 6499980.0, "quantity": 0.0002, "taker_side": "buy", "timestamp": "1618027204.289001"}
{"created_at": 1618027204, "id": 418050888, "price": 6499995.0, "quantity": 0.0183728, "taker_side": "buy", "timestamp": "1618027204.2891421"}
{"created_at": 1618027204, "id": 418050889, "price": 6499995.0, "quantity": 0.06, "taker_side": "buy", "timestamp": "1618027204.2892532"}
{"created_at": 1618027204, "id": 418050893, "price": 6500000.0, "quantity": 0.10242702, "taker_side": "buy", "timestamp": "1618027204.2897332"}
{"created_at": 1618027204, "id": 418050892, "price": 6500000.0, "quantity": 0.02, "taker_side": "buy", "timestamp": "1618027204.2895958"}
{"created_at": 1618027204, "id": 418050891, "price": 6500000.0, "quantity": 0.01, "taker_side": "buy", "timestamp": "1618027204.289492"}
{"created_at": 1618027204, "id": 418050890, "price": 6499999.0, "quantity": 0.0002, "taker_side": "buy", "timestamp": "1618027204.289366"}
{"created_at": 1618027204, "id": 418050897, "price": 6500000.0, "quantity": 0.01, "taker_side": "buy", "timestamp": "1618027204.3062289"}
{"created_at": 1618027204, "id": 418050898, "price": 6500000.0, "quantity": 0.01, "taker_side": "buy", "timestamp": "1618027204.3063512"}
{"created_at": 1618027204, "id": 418050900, "price": 6500000.0, "quantity": 0.002, "taker_side": "buy", "timestamp": "1618027204.306559"}
{"created_at": 1618027204, "id": 418050895, "price": 6500000.0, "quantity": 0.01, "taker_side": "buy", "timestamp": "1618027204.305981"}
{"created_at": 1618027204, "id": 418050896, "price": 6500000.0, "quantity": 0.002, "taker_side": "buy", "timestamp": "1618027204.3060951"}
{"created_at": 1618027204, "id": 418050901, "price": 6500000.0, "quantity": 0.12852592, "taker_side": "buy", "timestamp": "1618027204.3066921"}
{"created_at": 1618027204, "id": 418050894, "price": 6500000.0, "quantity": 0.09757298, "taker_side": "buy", "timestamp": "1618027204.305852"}
{"created_at": 1618027204, "id": 418050899, "price": 6500000.0, "quantity": 0.01, "taker_side": "buy", "timestamp": "1618027204.3064551"}
{"created_at": 1618027204, "id": 418050909, "price": 6500000.0, "quantity": 0.02860174, "taker_side": "buy", "timestamp": "1618027204.3442712"}
{"created_at": 1618027204, "id": 418050904, "price": 6500000.0, "quantity": 0.006, "taker_side": "buy", "timestamp": "1618027204.343682"}
{"created_at": 1618027204, "id": 418050908, "price": 6500000.0, "quantity": 0.002, "taker_side": "buy", "timestamp": "1618027204.344165"}
{"created_at": 1618027204, "id": 418050903, "price": 6500000.0, "quantity": 0.06, "taker_side": "buy", "timestamp": "1618027204.343576"}
{"created_at": 1618027204, "id": 418050906, "price": 6500000.0, "quantity": 0.028, "taker_side": "buy", "timestamp": "1618027204.3439429"}
{"created_at": 1618027204, "id": 418050911, "price": 6500000.0, "quantity": 0.14347322, "taker_side": "buy", "timestamp": "1618027204.357932"}
{"created_at": 1618027204, "id": 418050907, "price": 6500000.0, "quantity": 0.004, "taker_side": "buy", "timestamp": "1618027204.34406"}
{"created_at": 1618027204, "id": 418050902, "price": 6500000.0, "quantity": 0.07147408, "taker_side": "buy", "timestamp": "1618027204.343422"}
{"created_at": 1618027204, "id": 418050905, "price": 6500000.0, "quantity": 0.01, "taker_side": "buy", "timestamp": "1618027204.343806"}
{"created_at": 1618027204, "id": 418050910, "price": 6500000.0, "quantity": 0.07139826, "taker_side": "buy", "timestamp": "1618027204.357792"}
{"created_at": 1618027204, "id": 418050912, "price": 6497822.0, "quantity": 0.002, "taker_side": "sell", "timestamp": "1618027204.3936079"}
{"created_at": 1618027204, "id": 418050913, "price": 6500000.0, "quantity": 0.02, "taker_side": "buy", "timestamp": "1618027204.39536"}
{"created_at": 1618027204, "id": 418050916, "price": 6500000.0, "quantity": 0.1, "taker_side": "buy", "timestamp": "1618027204.4178271"}
{"created_at": 1618027204, "id": 418050918, "price": 6497822.0, "quantity": 0.03203428, "taker_side": "sell", "timestamp": "1618027204.480299"}
{"created_at": 1618027204, "id": 418050919, "price": 6497816.0, "quantity": 0.03200724, "taker_side": "sell", "timestamp": "1618027204.480403"}
{"created_at": 1618027204, "id": 418050921, "price": 6497815.0, "quantity": 0.004, "taker_side": "sell", "timestamp": "1618027204.480608"}
{"created_at": 1618027204, "id": 418050920, "price": 6497816.0, "quantity": 0.03404758, "taker_side": "sell", "timestamp": "1618027204.480499"}
{"created_at": 1618027204, "id": 418050923, "price": 6497718.0, "quantity": 0.00659702, "taker_side": "sell", "timestamp": "1618027204.480813"}
{"created_at": 1618027204, "id": 418050922, "price": 6497810.0, "quantity": 0.08931388, "taker_side": "sell", "timestamp": "1618027204.480715"}
{"created_at": 1618027204, "id": 418050925, "price": 6499977.0, "quantity": 0.002, "taker_side": "sell", "timestamp": "1618027204.579198"}
{"created_at": 1618027204, "id": 418050926, "price": 6499977.0, "quantity": 0.03, "taker_side": "sell", "timestamp": "1618027204.6063309"}
{"created_at": 1618027204, "id": 418050927, "price": 6499977.0, "quantity": 0.002, "taker_side": "sell", "timestamp": "1618027204.733488"}
{"created_at": 1618027204, "id": 418050928, "price": 6499977.0, "quantity": 4.356e-05, "taker_side": "sell", "timestamp": "1618027204.763392"}
{"created_at": 1618027205, "id": 418050932, "price": 6499987.0, "quantity": 0.002, "taker_side": "buy", "timestamp": "1618027205.059849"}
{"created_at": 1618027205, "id": 418050933, "price": 6500000.0, "quantity": 0.002, "taker_side": "buy", "timestamp": "1618027205.0599098"}
{"created_at": 1618027205, "id": 418050934, "price": 6498759.0, "quantity": 0.01, "taker_side": "sell", "timestamp": "1618027205.1636748"}
{"created_at": 1618027205, "id": 418050935, "price": 6499999.0, "quantity": 0.006, "taker_side": "buy", "timestamp": "1618027205.210061"}
{"created_at": 1618027205, "id": 418050936, "price": 6500000.0, "quantity": 0.01399298, "taker_side": "buy", "timestamp": "1618027205.2101812"}
{"created_at": 1618027205, "id": 418050937, "price": 6498759.0, "quantity": 0.01, "taker_side": "sell", "timestamp": "1618027205.2719018"}
{"created_at": 1618027205, "id": 418050938, "price": 6497911.0, "quantity": 0.01, "taker_side": "sell", "timestamp": "1618027205.272025"}
{"created_at": 1618027205, "id": 418050940, "price": 6500000.0, "quantity": 0.02, "taker_side": "buy", "timestamp": "1618027205.33218"}
{"created_at": 1618027205, "id": 418050943, "price": 6497912.0, "quantity": 0.03340298, "taker_side": "sell", "timestamp": "1618027205.505453"}
{"created_at": 1618027205, "id": 418050944, "price": 6497911.0, "quantity": 0.01, "taker_side": "sell", "timestamp": "1618027205.505685"}
{"created_at": 1618027205, "id": 418050945, "price": 6497822.0, "quantity": 0.03401764, "taker_side": "sell", "timestamp": "1618027205.5058858"}
{"created_at": 1618027205, "id": 418050946, "price": 6497822.0, "quantity": 0.002, "taker_side": "sell", "timestamp": "1618027205.506025"}
{"created_at": 1618027205, "id": 418050947, "price": 6497821.0, "quantity": 0.00057938, "taker_side": "sell", "timestamp": "1618027205.506162"}
{"created_at": 1618027206, "id": 418050950, "price": 6500000.0, "quantity": 0.02722596, "taker_side": "buy", "timestamp": "1618027206.2948139"}
{"created_at": 1618027206, "id": 418050951, "price": 6500000.0, "quantity": 0.14836062, "taker_side": "buy", "timestamp": "1618027206.302809"}
{"created_at": 1618027206, "id": 418050952, "price": 6497840.0, "quantity": 0.0074, "taker_side": "sell", "timestamp": "1618027206.505901"}
{"created_at": 1618027206, "id": 418050953, "price": 6498763.0, "quantity": 0.02, "taker_side": "sell", "timestamp": "1618027206.721929"}
{"created_at": 1618027206, "id": 418050954, "price": 6500000.0, "quantity": 0.24, "taker_side": "buy", "timestamp": "1618027206.753505"}
{"created_at": 1618027206, "id": 418050955, "price": 6498763.0, "quantity": 0.09456002, "taker_side": "sell", "timestamp": "1618027206.8674629"}
{"created_at": 1618027206, "id": 418050956, "price": 6497840.0, "quantity": 0.05202062, "taker_side": "sell", "timestamp": "1618027206.867587"}
{"created_at": 1618027206, "id": 418050957, "price": 6497835.0, "quantity": 0.03401764, "taker_side": "sell", "timestamp": "1618027206.8677042"}
{"created_at": 1618027206, "id": 418050958, "price": 6497835.0, "quantity": 0.01940172, "taker_side": "sell", "timestamp": "1618027206.867824"}
{"created_at": 1618027207, "id": 418050959, "price": 6499783.0, "quantity": 0.006, "taker_side": "buy", "timestamp": "1618027207.228378"}
{"created_at": 1618027207, "id": 418050960, "price": 6500000.0, "quantity": 0.01399278, "taker_side": "buy", "timestamp": "1618027207.2284899"}
{"created_at": 1618027207, "id": 418050964, "price": 6499995.0, "quantity": 0.02, "taker_side": "buy", "timestamp": "1618027207.823359"}
{"created_at": 1618027208, "id": 418050965, "price": 6498055.0, "quantity": 0.006, "taker_side": "sell", "timestamp": "1618027208.080056"}
{"created_at": 1618027208, "id": 418050966, "price": 6497839.0, "quantity": 0.004, "taker_side": "sell", "timestamp": "1618027208.080181"}
{"created_at": 1618027208, "id": 418050967, "price": 6497835.0, "quantity": 0.01, "taker_side": "sell", "timestamp": "1618027208.080298"}
{"created_at": 1618027208, "id": 418050968, "price": 6497835.0, "quantity": 0.002, "taker_side": "sell", "timestamp": "1618027208.5111308"}
{"created_at": 1618027208, "id": 418050970, "price": 6497835.0, "quantity": 0.00064586, "taker_side": "sell", "timestamp": "1618027208.53296"}
{"created_at": 1618027208, "id": 418050971, "price": 6497835.0, "quantity": 0.00135414, "taker_side": "sell", "timestamp": "1618027208.533016"}
{"created_at": 1618027208, "id": 418050969, "price": 6497835.0, "quantity": 0.002, "taker_side": "sell", "timestamp": "1618027208.517893"}
{"created_at": 1618027208, "id": 418050972, "price": 6499995.0, "quantity": 0.04, "taker_side": "buy", "timestamp": "1618027208.640743"}
{"created_at": 1618027208, "id": 418050973, "price": 6499999.0, "quantity": 0.006, "taker_side": "buy", "timestamp": "1618027208.6408691"}
{"created_at": 1618027208, "id": 418050974, "price": 6500000.0, "quantity": 0.054, "taker_side": "buy", "timestamp": "1618027208.640975"}
{"created_at": 1618027208, "id": 418050975, "price": 6498052.0, "quantity": 0.006, "taker_side": "sell", "timestamp": "1618027208.7072792"}
{"created_at": 1618027208, "id": 418050976, "price": 6497835.0, "quantity": 0.00064586, "taker_side": "sell", "timestamp": "1618027208.70734"}
{"created_at": 1618027208, "id": 418050977, "price": 6497835.0, "quantity": 0.02, "taker_side": "sell", "timestamp": "1618027208.7073941"}
{"created_at": 1618027208, "id": 418050978, "price": 6497834.0, "quantity": 0.02, "taker_side": "sell", "timestamp": "1618027208.7074492"}
{"created_at": 1618027208, "id": 418050980, "price": 6497083.0, "quantity": 0.01838986, "taker_side": "sell", "timestamp": "1618027208.707554"}
{"created_at": 1618027208, "id": 418050981, "price": 6497076.0, "quantity": 0.01396428, "taker_side": "sell", "timestamp": "1618027208.707607"}
{"created_at": 1618027208, "id": 418050979, "price": 6497829.0, "quantity": 0.121, "taker_side": "sell", "timestamp": "1618027208.7075012"}
{"created_at": 1618027208, "id": 418050984, "price": 6500000.0, "quantity": 0.02, "taker_side": "buy", "timestamp": "1618027208.889919"}
{"created_at": 1618027208, "id": 418050985, "price": 6497076.0, "quantity": 0.002, "taker_side": "sell", "timestamp": "1618027208.893373"}
{"created_at": 1618027208, "id": 418050987, "price": 6497082.0, "quantity": 0.002, "taker_side": "sell", "timestamp": "1618027208.9467251"}
{"created_at": 1618027208, "id": 418050988, "price": 6497076.0, "quantity": 0.002, "taker_side": "sell", "timestamp": "1618027208.999638"}
{"created_at": 1618027209, "id": 418050990, "price": 6497076.0, "quantity": 0.002, "taker_side": "sell", "timestamp": "1618027209.0283709"}
{"created_at": 1618027209, "id": 418050991, "price": 6497077.0, "quantity": 0.002, "taker_side": "sell", "timestamp": "1618027209.058996"}
{"created_at": 1618027209, "id": 418050994, "price": 6497082.0, "quantity": 0.012, "taker_side": "sell", "timestamp": "1618027209.2160552"}
{"created_at": 1618027209, "id": 418050995, "price": 6499994.0, "quantity": 0.01837222, "taker_side": "buy", "timestamp": "1618027209.231075"}
{"created_at": 1618027209, "id": 418050996, "price": 6500000.0, "quantity": 0.17962778, "taker_side": "buy", "timestamp": "1618027209.2312078"}
{"created_at": 1618027209, "id": 418050997, "price": 6500000.0, "quantity": 0.02896498, "taker_side": "buy", "timestamp": "1618027209.2607"}
{"created_at": 1618027209, "id": 418050998, "price": 6497088.0, "quantity": 0.002, "taker_side": "sell", "timestamp": "1618027209.268645"}
{"created_at": 1618027209, "id": 418050999, "price": 6500000.0, "quantity": 0.0760778, "taker_side": "buy", "timestamp": "1618027209.281"}
{"created_at": 1618027209, "id": 418051000, "price": 6500000.0, "quantity": 0.01999378, "taker_side": "buy", "timestamp": "1618027209.323592"}
{"created_at": 1618027209, "id": 418051001, "price": 6500000.0, "quantity": 0.2181388, "taker_side": "buy", "timestamp": "1618027209.344169"}
{"created_at": 1618027209, "id": 418051002, "price": 6497125.0, "quantity": 0.002, "taker_side": "sell", "timestamp": "1618027209.364139"}
{"created_at": 1618027209, "id": 418051003, "price": 6500000.0, "quantity": 0.03724194, "taker_side": "buy", "timestamp": "1618027209.367947"}
{"created_at": 1618027209, "id": 418051005, "price": 6500000.0, "quantity": 0.07280548, "taker_side": "buy", "timestamp": "1618027209.435474"}
{"created_at": 1618027209, "id": 418051007, "price": 6499993.0, "quantity": 0.01838986, "taker_side": "buy", "timestamp": "1618027209.6333172"}
{"created_at": 1618027209, "id": 418051008, "price": 6500000.0, "quantity": 0.14161014, "taker_side": "buy", "timestamp": "1618027209.633455"}
{"created_at": 1618027209, "id": 418051009, "price": 6497132.0, "quantity": 0.002, "taker_side": "sell", "timestamp": "1618027209.6686158"}
{"created_at": 1618027210, "id": 418051016, "price": 6497841.0, "quantity": 0.00729282, "taker_side": "buy", "timestamp": "1618027210.029114"}
{"created_at": 1618027210, "id": 418051017, "price": 6497140.0, "quantity": 0.002, "taker_side": "sell", "timestamp": "1618027210.356481"}
{"created_at": 1618027210, "id": 418051018, "price": 6497132.0, "quantity": 0.01638986, "taker_side": "sell", "timestamp": "1618027210.3566778"}
{"created_at": 1618027210, "id": 418051020, "price": 6497125.0, "quantity": 0.09161014, "taker_side": "sell", "timestamp": "1618027210.356917"}
{"created_at": 1618027210, "id": 418051019, "price": 6497130.0, "quantity": 0.04, "taker_side": "sell", "timestamp": "1618027210.356798"}
{"created_at": 1618027210, "id": 418051021, "price": 6497125.0, "quantity": 0.002, "taker_side": "sell", "timestamp": "1618027210.3592682"}
{"created_at": 1618027210, "id": 418051022, "price": 6497125.0, "quantity": 0.002, "taker_side": "sell", "timestamp": "1618027210.361475"}
{"created_at": 1618027210, "id": 418051026, "price": 6499992.0, "quantity": 0.002, "taker_side": "buy", "timestamp": "1618027210.6658921"}
{"created_at": 1618027210, "id": 418051025, "price": 6497841.0, "quantity": 0.00270718, "taker_side": "buy", "timestamp": "1618027210.6657238"}
{"created_at": 1618027210, "id": 418051027, "price": 6500000.0, "quantity": 0.37584266, "taker_side": "buy", "timestamp": "1618027210.6660008"}
{"created_at": 1618027210, "id": 418051028, "price": 6500000.0, "quantity": 0.04323804, "taker_side": "buy", "timestamp": "1618027210.685535"}
{"created_at": 1618027210, "id": 418051030, "price": 6499997.0, "quantity": 0.0183882, "taker_side": "buy", "timestamp": "1618027210.757236"}
{"created_at": 1618027210, "id": 418051031, "price": 6500000.0, "quantity": 0.1816118, "taker_side": "buy", "timestamp": "1618027210.757345"}
{"created_at": 1618027210, "id": 418051032, "price": 6500000.0, "quantity": 1.10970566, "taker_side": "buy", "timestamp": "1618027210.762548"}
{"created_at": 1618027210, "id": 418051033, "price": 6500000.0, "quantity": 0.0677277, "taker_side": "buy", "timestamp": "1618027210.79899"}
{"created_at": 1618027210, "id": 418051034, "price": 6500000.0, "quantity": 0.48907466, "taker_side": "buy", "timestamp": "1618027210.905343"}
{"created_at": 1618027210, "id": 418051035, "price": 6497835.0, "quantity": 0.0044, "taker_side": "sell", "timestamp": "1618027210.90638"}
{"created_at": 1618027210, "id": 418051036, "price": 6500000.0, "quantity": 0.03404356, "taker_side": "buy", "timestamp": "1618027210.9427898"}
{"created_at": 1618027211, "id": 418051039, "price": 6498025.0, "quantity": 0.004, "taker_side": "sell", "timestamp": "1618027211.050336"}
{"created_at": 1618027211, "id": 418051040, "price": 6499995.0, "quantity": 0.06, "taker_side": "buy", "timestamp": "1618027211.228163"}
{"created_at": 1618027211, "id": 418051043, "price": 6500000.0, "quantity": 0.02, "taker_side": "buy", "timestamp": "1618027211.232773"}
{"created_at": 1618027211, "id": 418051042, "price": 6500000.0, "quantity": 0.534, "taker_side": "buy", "timestamp": "1618027211.228422"}
{"created_at": 1618027211, "id": 418051041, "price": 6499999.0, "quantity": 0.006, "taker_side": "buy", "timestamp": "1618027211.228288"}
{"created_at": 1618027211, "id": 418051044, "price": 6500000.0, "quantity": 0.004, "taker_side": "buy", "timestamp": "1618027211.245547"}
{"created_at": 1618027211, "id": 418051045, "price": 6498025.0, "quantity": 0.14, "taker_side": "sell", "timestamp": "1618027211.272871"}
{"created_at": 1618027211, "id": 418051051, "price": 6497971.0, "quantity": 0.03203428, "taker_side": "sell", "timestamp": "1618027211.636569"}
{"created_at": 1618027211, "id": 418051052, "price": 6499999.0, "quantity": 0.0019593, "taker_side": "buy", "timestamp": "1618027211.953565"}
{"created_at": 1618027212, "id": 418051053, "price": 6498207.0, "quantity": 0.006, "taker_side": "sell", "timestamp": "1618027212.020396"}
{"created_at": 1618027212, "id": 418051054, "price": 6498007.0, "quantity": 0.01, "taker_side": "sell", "timestamp": "1618027212.0205178"}
{"created_at": 1618027212, "id": 418051055, "price": 6497977.0, "quantity": 0.03404356, "taker_side": "sell", "timestamp": "1618027212.020651"}
{"created_at": 1618027212, "id": 418051056, "price": 6497976.0, "quantity": 0.00333418, "taker_side": "sell", "timestamp": "1618027212.020799"}
{"created_at": 1618027212, "id": 418051057, "price": 6497976.0, "quantity": 0.05666582, "taker_side": "sell", "timestamp": "1618027212.088916"}
{"created_at": 1618027212, "id": 418051059, "price": 6497971.0, "quantity": 0.01999618, "taker_side": "buy", "timestamp": "1618027212.148881"}
{"created_at": 1618027212, "id": 418051060, "price": 6497835.0, "quantity": 0.1956, "taker_side": "sell", "timestamp": "1618027212.227089"}
{"created_at": 1618027212, "id": 418051061, "price": 6497774.0, "quantity": 0.0064, "taker_side": "sell", "timestamp": "1618027212.2272582"}
{"created_at": 1618027212, "id": 418051063, "price": 6499997.0, "quantity": 0.04, "taker_side": "buy", "timestamp": "1618027212.245307"}
{"created_at": 1618027212, "id": 418051065, "price": 6500000.0, "quantity": 0.114, "taker_side": "buy", "timestamp": "1618027212.2455838"}
{"created_at": 1618027212, "id": 418051064, "price": 6499999.0, "quantity": 0.006, "taker_side": "buy", "timestamp": "1618027212.245461"}
{"created_at": 1618027212, "id": 418051067, "price": 6500000.0, "quantity": 0.1, "taker_side": "buy", "timestamp": "1618027212.311094"}
{"created_at": 1618027212, "id": 418051073, "price": 6499996.0, "quantity": 0.02, "taker_side": "buy", "timestamp": "1618027212.4707808"}
{"created_at": 1618027213, "id": 418051080, "price": 6497101.0, "quantity": 0.004, "taker_side": "sell", "timestamp": "1618027213.118353"}
{"created_at": 1618027213, "id": 418051081, "price": 6497101.0, "quantity": 0.03003428, "taker_side": "sell", "timestamp": "1618027213.418665"}
{"created_at": 1618027213, "id": 418051082, "price": 6497095.0, "quantity": 0.12330918, "taker_side": "sell", "timestamp": "1618027213.418734"}
{"created_at": 1618027213, "id": 418051083, "price": 6499976.0, "quantity": 1.0, "taker_side": "buy", "timestamp": "1618027213.4766421"}
{"created_at": 1618027214, "id": 418051084, "price": 6497394.0, "quantity": 0.006, "taker_side": "sell", "timestamp": "1618027214.080831"}
{"created_at": 1618027214, "id": 418051085, "price": 6497107.0, "quantity": 0.002, "taker_side": "sell", "timestamp": "1618027214.080891"}
{"created_at": 1618027214, "id": 418051086, "price": 6497094.0, "quantity": 0.03400724, "taker_side": "sell", "timestamp": "1618027214.080945"}
{"created_at": 1618027214, "id": 418051087, "price": 6497093.0, "quantity": 0.0183728, "taker_side": "sell", "timestamp": "1618027214.080998"}
{"created_at": 1618027214, "id": 418051088, "price": 6496939.0, "quantity": 0.00361996, "taker_side": "sell", "timestamp": "1618027214.0810518"}
{"created_at": 1618027214, "id": 418051091, "price": 6499975.0, "quantity": 0.002, "taker_side": "buy", "timestamp": "1618027214.337999"}
{"created_at": 1618027214, "id": 418051092, "price": 6499977.0, "quantity": 0.002, "taker_side": "buy", "timestamp": "1618027214.3380659"}
{"created_at": 1618027214, "id": 418051093, "price": 6499977.0, "quantity": 0.01638986, "taker_side": "buy", "timestamp": "1618027214.367809"}
{"created_at": 1618027214, "id": 418051094, "price": 6499984.0, "quantity": 0.01837222, "taker_side": "buy", "timestamp": "1618027214.367869"}
{"created_at": 1618027214, "id": 418051095, "price": 6499984.0, "quantity": 0.0002, "taker_side": "buy", "timestamp": "1618027214.3679202"}
{"created_at": 1618027214, "id": 418051096, "price": 6499986.0, "quantity": 0.00503792, "taker_side": "buy", "timestamp": "1618027214.36799"}
{"created_at": 1618027214, "id": 418051098, "price": 6499990.0, "quantity": 0.0183874, "taker_side": "buy", "timestamp": "1618027214.458247"}
{"created_at": 1618027214, "id": 418051097, "price": 6499986.0, "quantity": 0.00296208, "taker_side": "buy", "timestamp": "1618027214.4581602"}
{"created_at": 1618027214, "id": 418051099, "price": 6499994.0, "quantity": 0.01865052, "taker_side": "buy", "timestamp": "1618027214.458304"}
{"created_at": 1618027214, "id": 418051101, "price": 6499994.0, "quantity": 0.00134948, "taker_side": "buy", "timestamp": "1618027214.581117"}
{"created_at": 1618027214, "id": 418051102, "price": 6499995.0, "quantity": 0.06, "taker_side": "buy", "timestamp": "1618027214.581227"}
{"created_at": 1618027214, "id": 418051103, "price": 6499997.0, "quantity": 0.042, "taker_side": "buy", "timestamp": "1618027214.581331"}
{"created_at": 1618027214, "id": 418051104, "price": 6500000.0, "quantity": 0.05665052, "taker_side": "buy", "timestamp": "1618027214.5814369"}
{"created_at": 1618027214, "id": 418051110, "price": 6499999.0, "quantity": 0.06, "taker_side": "buy", "timestamp": "1618027214.855862"}
{"created_at": 1618027214, "id": 418051111, "price": 6500000.0, "quantity": 0.06, "taker_side": "buy", "timestamp": "1618027214.8848581"}
{"created_at": 1618027214, "id": 418051112, "price": 6500000.0, "quantity": 0.06, "taker_side": "buy", "timestamp": "1618027214.910966"}
{"created_at": 1618027214, "id": 418051114, "price": 6500000.0, "quantity": 0.06, "taker_side": "buy", "timestamp": "1618027214.937116"}
{"created_at": 1618027214, "id": 418051115, "price": 6499999.0, "quantity": 0.006, "taker_side": "buy", "timestamp": "1618027214.967496"}
{"created_at": 1618027214, "id": 418051116, "price": 6500000.0, "quantity": 0.054, "taker_side": "buy", "timestamp": "1618027214.967554"}
{"created_at": 1618027215, "id": 418051120, "price": 6497501.0, "quantity": 0.0002, "taker_side": "sell", "timestamp": "1618027215.1984131"}
{"created_at": 1618027215, "id": 418051121, "price": 6497004.0, "quantity": 0.01618004, "taker_side": "sell", "timestamp": "1618027215.198501"}
{"created_at": 1618027215, "id": 418051122, "price": 6498876.0, "quantity": 0.006, "taker_side": "sell", "timestamp": "1618027215.660547"}
{"created_at": 1618027215, "id": 418051123, "price": 6498751.0, "quantity": 0.0002, "taker_side": "sell", "timestamp": "1618027215.6606789"}
{"created_at": 1618027215, "id": 418051124, "price": 6497004.0, "quantity": 0.0038, "taker_side": "sell", "timestamp": "1618027215.6608021"}
{"created_at": 1618027215, "id": 418051125, "price": 6497584.0, "quantity": 0.04173202, "taker_side": "buy", "timestamp": "1618027215.892939"}
{"created_at": 1618027215, "id": 418051126, "price": 6497584.0, "quantity": 0.004, "taker_side": "buy", "timestamp": "1618027215.9353678"}
{"created_at": 1618027216, "id": 418051128, "price": 6497584.0, "quantity": 0.00789024, "taker_side": "buy", "timestamp": "1618027216.1023731"}
{"created_at": 1618027216, "id": 418051129, "price": 6497584.0, "quantity": 0.002, "taker_side": "sell", "timestamp": "1618027216.146629"}
{"created_at": 1618027216, "id": 418051130, "price": 6497584.0, "quantity": 0.006, "taker_side": "sell", "timestamp": "1618027216.2037618"}
{"created_at": 1618027216, "id": 418051131, "price": 6497584.0, "quantity": 0.03770976, "taker_side": "sell", "timestamp": "1618027216.290281"}
{"created_at": 1618027216, "id": 418051132, "price": 6497004.0, "quantity": 0.0140272, "taker_side": "sell", "timestamp": "1618027216.290406"}
{"created_at": 1618027216, "id": 418051133, "price": 6496939.0, "quantity": 0.01638004, "taker_side": "sell", "timestamp": "1618027216.29054"}
{"created_at": 1618027216, "id": 418051134, "price": 6496771.0, "quantity": 0.029883, "taker_side": "sell", "timestamp": "1618027216.290688"}
{"created_at": 1618027216, "id": 418051135, "price": 6496766.0, "quantity": 0.002, "taker_side": "sell", "timestamp": "1618027216.693014"}
{"created_at": 1618027216, "id": 418051136, "price": 6496663.0, "quantity": 0.132, "taker_side": "sell", "timestamp": "1618027216.6931572"}
{"created_at": 1618027216, "id": 418051138, "price": 6496570.0, "quantity": 0.002, "taker_side": "sell", "timestamp": "1618027216.693428"}
{"created_at": 1618027216, "id": 418051137, "price": 6496662.0, "quantity": 0.030117, "taker_side": "sell", "timestamp": "1618027216.693304"}
{"created_at": 1618027216, "id": 418051139, "price": 6496426.0, "quantity": 0.01838986, "taker_side": "sell", "timestamp": "1618027216.693543"}
{"created_at": 1618027216, "id": 418051140, "price": 6496344.0, "quantity": 0.002, "taker_side": "sell", "timestamp": "1618027216.6936882"}
{"created_at": 1618027216, "id": 418051141, "price": 6496336.0, "quantity": 0.0183728, "taker_side": "sell", "timestamp": "1618027216.6938088"}
{"created_at": 1618027216, "id": 418051142, "price": 6496334.0, "quantity": 0.01837234, "taker_side": "sell", "timestamp": "1618027216.693944"}
{"created_at": 1618027216, "id": 418051143, "price": 6496331.0, "quantity": 0.0183882, "taker_side": "sell", "timestamp": "1618027216.694061"}
{"created_at": 1618027216, "id": 418051145, "price": 6496251.0, "quantity": 0.0002, "taker_side": "sell", "timestamp": "1618027216.694329"}
{"created_at": 1618027216, "id": 418051144, "price": 6496322.0, "quantity": 0.4778086, "taker_side": "sell", "timestamp": "1618027216.694208"}
{"created_at": 1618027216, "id": 418051146, "price": 6496241.0, "quantity": 0.0183874, "taker_side": "buy", "timestamp": "1618027216.700447"}
{"created_at": 1618027216, "id": 418051152, "price": 6498883.0, "quantity": 0.092, "taker_side": "buy", "timestamp": "1618027216.9285371"}
{"created_at": 1618027216, "id": 418051151, "price": 6497581.0, "quantity": 0.008, "taker_side": "buy", "timestamp": "1618027216.928478"}
{"created_at": 1618027216, "id": 418051154, "price": 6498812.0, "quantity": 0.004, "taker_side": "buy", "timestamp": "1618027216.9757912"}
{"created_at": 1618027217, "id": 418051160, "price": 6496241.0, "quantity": 0.077, "taker_side": "sell", "timestamp": "1618027217.188659"}
{"created_at": 1618027217, "id": 418051162, "price": 6495382.0, "quantity": 0.02630188, "taker_side": "sell", "timestamp": "1618027217.188902"}
{"created_at": 1618027217, "id": 418051161, "price": 6496000.0, "quantity": 0.000504, "taker_side": "sell", "timestamp": "1618027217.1887848"}
{"created_at": 1618027217, "id": 418051163, "price": 6495232.0, "quantity": 0.17574464, "taker_side": "sell", "timestamp": "1618027217.189023"}
{"created_at": 1618027217, "id": 418051164, "price": 6495001.0, "quantity": 0.0002, "taker_side": "sell", "timestamp": "1618027217.226811"}
{"created_at": 1618027217, "id": 418051165, "price": 6494880.0, "quantity": 0.000504, "taker_side": "sell", "timestamp": "1618027217.226933"}
{"created_at": 1618027217, "id": 418051166, "price": 6494578.0, "quantity": 0.002, "taker_side": "sell", "timestamp": "1618027217.227048"}
{"created_at": 1618027217, "id": 418051168, "price": 6493751.0, "quantity": 0.0004, "taker_side": "sell", "timestamp": "1618027217.227304"}
{"created_at": 1618027217, "id": 418051167, "price": 6493760.0, "quantity": 0.000504, "taker_side": "sell", "timestamp": "1618027217.2271638"}
{"created_at": 1618027217, "id": 418051170, "price": 6493244.0, "quantity": 0.004392, "taker_side": "sell", "timestamp": "1618027217.227551"}
{"created_at": 1618027217, "id": 418051169, "price": 6493719.0, "quantity": 0.02, "taker_side": "sell", "timestamp": "1618027217.2274308"}
{"created_at": 1618027217, "id": 418051172, "price": 6495204.0, "quantity": 0.13311242, "taker_side": "buy", "timestamp": "1618027217.3093991"}
{"created_at": 1618027217, "id": 418051173, "price": 6493245.0, "quantity": 0.01, "taker_side": "sell", "timestamp": "1618027217.5540302"}
{"created_at": 1618027217, "id": 418051174, "price": 6493245.0, "quantity": 0.01, "taker_side": "sell", "timestamp": "1618027217.558062"}
{"created_at": 1618027217, "id": 418051175, "price": 6493245.0, "quantity": 0.006, "taker_side": "sell", "timestamp": "1618027217.6051142"}
{"created_at": 1618027217, "id": 418051176, "price": 6493245.0, "quantity": 0.0690272, "taker_side": "sell", "timestamp": "1618027217.659382"}
{"created_at": 1618027217, "id": 418051178, "price": 6497000.0, "quantity": 0.004, "taker_side": "buy", "timestamp": "1618027217.765779"}
{"created_at": 1618027217, "id": 418051179, "price": 6497146.0, "quantity": 0.006, "taker_side": "buy", "timestamp": "1618027217.765841"}
{"created_at": 1618027217, "id": 418051180, "price": 6497580.0, "quantity": 0.01, "taker_side": "buy", "timestamp": "1618027217.765895"}
{"created_at": 1618027217, "id": 418051181, "price": 6493246.0, "quantity": 0.2, "taker_side": "sell", "timestamp": "1618027217.772278"}
{"created_at": 1618027217, "id": 418051182, "price": 6497580.0, "quantity": 0.01, "taker_side": "buy", "timestamp": "1618027217.794014"}
{"created_at": 1618027217, "id": 418051183, "price": 6497588.0, "quantity": 0.03, "taker_side": "buy", "timestamp": "1618027217.7940748"}
{"created_at": 1618027217, "id": 418051184, "price": 6497728.0, "quantity": 0.01, "taker_side": "buy", "timestamp": "1618027217.9420831"}
{"created_at": 1618027217, "id": 418051185, "price": 6497996.0, "quantity": 0.09, "taker_side": "buy", "timestamp": "1618027217.9421592"}
{"created_at": 1618027218, "id": 418051190, "price": 6497519.0, "quantity": 0.02, "taker_side": "buy", "timestamp": "1618027218.652245"}
{"created_at": 1618027218, "id": 418051191, "price": 6497990.0, "quantity": 0.06, "taker_side": "buy", "timestamp": "1618027218.652359"}
{"created_at": 1618027218, "id": 418051193, "price": 6498403.0, "quantity": 0.019496, "taker_side": "buy", "timestamp": "1618027218.652574"}
{"created_at": 1618027218, "id": 418051192, "price": 6498240.0, "quantity": 0.000504, "taker_side": "buy", "timestamp": "1618027218.652462"}
{"created_at": 1618027218, "id": 418051194, "price": 6495826.0, "quantity": 0.0924, "taker_side": "sell", "timestamp": "1618027218.658179"}
{"created_at": 1618027218, "id": 418051195, "price": 6495825.0, "quantity": 0.1076, "taker_side": "sell", "timestamp": "1618027218.658241"}
{"created_at": 1618027219, "id": 418051205, "price": 6497000.0, "quantity": 0.04, "taker_side": "buy", "timestamp": "1618027219.6646981"}
{"created_at": 1618027220, "id": 418051208, "price": 6496672.0, "quantity": 0.0956, "taker_side": "sell", "timestamp": "1618027220.582121"}
{"created_at": 1618027220, "id": 418051209, "price": 6496298.0, "quantity": 0.1126461, "taker_side": "sell", "timestamp": "1618027220.58224"}
{"created_at": 1618027221, "id": 418051211, "price": 6496381.0, "quantity": 0.004, "taker_side": "sell", "timestamp": "1618027221.4702232"}
{"created_at": 1618027221, "id": 418051210, "price": 6496381.0, "quantity": 0.006, "taker_side": "sell", "timestamp": "1618027221.4701"}
{"created_at": 1618027221, "id": 418051212, "price": 6497120.0, "quantity": 0.000504, "taker_side": "buy", "timestamp": "1618027221.688493"}
{"created_at": 1618027222, "id": 418051214, "price": 6498180.0, "quantity": 0.0428, "taker_side": "sell", "timestamp": "1618027222.437112"}
{"created_at": 1618027222, "id": 418051216, "price": 6498299.0, "quantity": 0.006, "taker_side": "sell", "timestamp": "1618027222.67328"}
{"created_at": 1618027222, "id": 418051217, "price": 6498180.0, "quantity": 0.00929616, "taker_side": "sell", "timestamp": "1618027222.673381"}
{"created_at": 1618027222, "id": 418051218, "price": 6497249.0, "quantity": 0.006, "taker_side": "sell", "timestamp": "1618027222.673461"}
{"created_at": 1618027222, "id": 418051219, "price": 6496383.0, "quantity": 0.01870384, "taker_side": "sell", "timestamp": "1618027222.673528"}
{"created_at": 1618027224, "id": 418051222, "price": 6496633.0, "quantity": 0.01, "taker_side": "sell", "timestamp": "1618027224.547026"}
{"created_at": 1618027224, "id": 418051223, "price": 6496449.0, "quantity": 0.01, "taker_side": "sell", "timestamp": "1618027224.547149"}
{"created_at": 1618027224, "id": 418051226, "price": 6499360.0, "quantity": 0.000504, "taker_side": "buy", "timestamp": "1618027224.752633"}
{"created_at": 1618027224, "id": 418051224, "price": 6497499.0, "quantity": 0.0002, "taker_side": "buy", "timestamp": "1618027224.7525198"}
{"created_at": 1618027224, "id": 418051227, "price": 6499734.0, "quantity": 0.003096, "taker_side": "buy", "timestamp": "1618027224.7526872"}
{"created_at": 1618027224, "id": 418051225, "price": 6498749.0, "quantity": 0.0002, "taker_side": "buy", "timestamp": "1618027224.7525802"}
{"created_at": 1618027224, "id": 418051229, "price": 6498749.0, "quantity": 0.0002, "taker_side": "sell", "timestamp": "1618027224.9314098"}
{"created_at": 1618027226, "id": 418051230, "price": 6498749.0, "quantity": 0.0004, "taker_side": "sell", "timestamp": "1618027226.053468"}
{"created_at": 1618027226, "id": 418051231, "price": 6498754.0, "quantity": 0.05, "taker_side": "sell", "timestamp": "1618027226.5677629"}
{"created_at": 1618027226, "id": 418051232, "price": 6498749.0, "quantity": 0.03, "taker_side": "sell", "timestamp": "1618027226.567884"}
{"created_at": 1618027226, "id": 418051233, "price": 6499961.0, "quantity": 0.01, "taker_side": "buy", "timestamp": "1618027226.764569"}
{"created_at": 1618027227, "id": 418051236, "price": 6498872.0, "quantity": 0.006, "taker_side": "sell", "timestamp": "1618027227.271638"}
{"created_at": 1618027227, "id": 418051237, "price": 6498750.0, "quantity": 0.004, "taker_side": "sell", "timestamp": "1618027227.271759"}
{"created_at": 1618027227, "id": 418051238, "price": 6498750.0, "quantity": 0.007, "taker_side": "sell", "timestamp": "1618027227.9977322"}
{"created_at": 1618027227, "id": 418051239, "price": 6498749.0, "quantity": 0.013, "taker_side": "sell", "timestamp": "1618027227.997791"}
{"created_at": 1618027228, "id": 418051240, "price": 6499972.0, "quantity": 0.01838986, "taker_side": "buy", "timestamp": "1618027228.0569"}
{"created_at": 1618027228, "id": 418051241, "price": 6499974.0, "quantity": 0.0183874, "taker_side": "buy", "timestamp": "1618027228.057023"}
{"created_at": 1618027228, "id": 418051242, "price": 6499988.0, "quantity": 0.002, "taker_side": "buy", "timestamp": "1618027228.057138"}
{"created_at": 1618027228, "id": 418051243, "price": 6499990.0, "quantity": 0.01837222, "taker_side": "buy", "timestamp": "1618027228.0572731"}
{"created_at": 1618027228, "id": 418051245, "price": 6499999.0, "quantity": 0.006, "taker_side": "buy", "timestamp": "1618027228.0575402"}
{"created_at": 1618027228, "id": 418051246, "price": 6500000.0, "quantity": 0.1495497, "taker_side": "buy", "timestamp": "1618027228.057645"}
{"created_at": 1618027228, "id": 418051244, "price": 6499999.0, "quantity": 0.0002, "taker_side": "buy", "timestamp": "1618027228.057427"}
{"created_at": 1618027228, "id": 418051247, "price": 6500000.0, "quantity": 0.86085666, "taker_side": "buy", "timestamp": "1618027228.067944"}
{"created_at": 1618027228, "id": 418051252, "price": 6500000.0, "quantity": 0.136, "taker_side": "buy", "timestamp": "1618027228.089292"}
{"created_at": 1618027228, "id": 418051248, "price": 6500000.0, "quantity": 0.04819278, "taker_side": "buy", "timestamp": "1618027228.0888069"}
{"created_at": 1618027228, "id": 418051253, "price": 6500000.0, "quantity": 0.0002, "taker_side": "buy", "timestamp": "1618027228.0894022"}
{"created_at": 1618027228, "id": 418051249, "price": 6500000.0, "quantity": 0.02, "taker_side": "buy", "timestamp": "1618027228.088953"}
{"created_at": 1618027228, "id": 418051251, "price": 6500000.0, "quantity": 0.004, "taker_side": "buy", "timestamp": "1618027228.089171"}
{"created_at": 1618027228, "id": 418051250, "price": 6500000.0, "quantity": 0.05, "taker_side": "buy", "timestamp": "1618027228.089068"}
{"created_at": 1618027228, "id": 418051256, "price": 6500000.0, "quantity": 0.04, "taker_side": "buy", "timestamp": "1618027228.0897439"}
{"created_at": 1618027228, "id": 418051255, "price": 6500000.0, "quantity": 0.01, "taker_side": "buy", "timestamp": "1618027228.089644"}
{"created_at": 1618027228, "id": 418051257, "price": 6500000.0, "quantity": 0.21246388, "taker_side": "buy", "timestamp": "1618027228.0898461"}
{"created_at": 1618027228, "id": 418051254, "price": 6500000.0, "quantity": 0.1, "taker_side": "buy", "timestamp": "1618027228.0895302"}
{"created_at": 1618027228, "id": 418051259, "price": 6500000.0, "quantity": 0.05050358, "taker_side": "buy", "timestamp": "1618027228.140445"}
{"created_at": 1618027228, "id": 418051263, "price": 6499999.0, "quantity": 0.006, "taker_side": "buy", "timestamp": "1618027228.709607"}
{"created_at": 1618027228, "id": 418051264, "price": 6500000.0, "quantity": 0.034, "taker_side": "buy", "timestamp": "1618027228.709667"}
{"created_at": 1618027229, "id": 418051265, "price": 6500000.0, "quantity": 0.1, "taker_side": "buy", "timestamp": "1618027229.608992"}
{"created_at": 1618027229, "id": 418051267, "price": 6500000.0, "quantity": 0.01783254, "taker_side": "buy", "timestamp": "1618027229.717909"}
{"created_at": 1618027229, "id": 418051268, "price": 6500000.0, "quantity": 0.18216746, "taker_side": "buy", "timestamp": "1618027229.718018"}
{"created_at": 1618027229, "id": 418051269, "price": 6500000.0, "quantity": 0.02006402, "taker_side": "buy", "timestamp": "1618027229.723637"}
{"created_at": 1618027229, "id": 418051274, "price": 6500000.0, "quantity": 0.02, "taker_side": "buy", "timestamp": "1618027229.875653"}
{"created_at": 1618027229, "id": 418051276, "price": 6500000.0, "quantity": 0.00389626, "taker_side": "buy", "timestamp": "1618027229.9389892"}
{"created_at": 1618027229, "id": 418051277, "price": 6500000.0, "quantity": 0.17387226, "taker_side": "buy", "timestamp": "1618027229.9520159"}
{"created_at": 1618027229, "id": 418051278, "price": 6500000.0, "quantity": 0.008, "taker_side": "buy", "timestamp": "1618027229.952123"}
{"created_at": 1618027229, "id": 418051279, "price": 6500000.0, "quantity": 0.01812774, "taker_side": "buy", "timestamp": "1618027229.952234"}
{"created_at": 1618027230, "id": 418051281, "price": 6500000.0, "quantity": 0.0165, "taker_side": "buy", "timestamp": "1618027230.0347662"}
{"created_at": 1618027230, "id": 418051282, "price": 6500000.0, "quantity": 0.03009564, "taker_side": "buy", "timestamp": "1618027230.059534"}
{"created_at": 1618027230, "id": 418051284, "price": 6498809.0, "quantity": 0.16, "taker_side": "sell", "timestamp": "1618027230.0872362"}
{"created_at": 1618027230, "id": 418051286, "price": 6499999.0, "quantity": 0.006, "taker_side": "buy", "timestamp": "1618027230.226829"}
{"created_at": 1618027230, "id": 418051287, "price": 6500000.0, "quantity": 0.01399812, "taker_side": "buy", "timestamp": "1618027230.226936"}
{"created_at": 1618027230, "id": 418051291, "price": 6498810.0, "quantity": 0.02, "taker_side": "sell", "timestamp": "1618027230.9743261"}
{"created_at": 1618027231, "id": 418051293, "price": 6500000.0, "quantity": 0.014, "taker_side": "buy", "timestamp": "1618027231.173387"}
{"created_at": 1618027231, "id": 418051292, "price": 6499999.0, "quantity": 0.006, "taker_side": "buy", "timestamp": "1618027231.173321"}
{"created_at": 1618027231, "id": 418051294, "price": 6500000.0, "quantity": 0.01999846, "taker_side": "buy", "timestamp": "1618027231.2983859"}
{"created_at": 1618027231, "id": 418051296, "price": 6500000.0, "quantity": 0.1, "taker_side": "buy", "timestamp": "1618027231.3967779"}
{"created_at": 1618027231, "id": 418051300, "price": 6498810.0, "quantity": 0.0064, "taker_side": "sell", "timestamp": "1618027231.875851"}
{"created_at": 1618027231, "id": 418051301, "price": 6498809.0, "quantity": 0.1936, "taker_side": "sell", "timestamp": "1618027231.876008"}
{"created_at": 1618027232, "id": 418051302, "price": 6500000.0, "quantity": 0.02, "taker_side": "buy", "timestamp": "1618027232.408396"}
{"created_at": 1618027232, "id": 418051303, "price": 6500000.0, "quantity": 0.0277757, "taker_side": "buy", "timestamp": "1618027232.491555"}
{"created_at": 1618027232, "id": 418051304, "price": 6500000.0, "quantity": 0.0314357, "taker_side": "buy", "timestamp": "1618027232.504756"}
{"created_at": 1618027232, "id": 418051305, "price": 6500000.0, "quantity": 0.13867262, "taker_side": "buy", "timestamp": "1618027232.563531"}
{"created_at": 1618027232, "id": 418051306, "price": 6499999.0, "quantity": 0.006, "taker_side": "buy", "timestamp": "1618027232.702707"}
{"created_at": 1618027232, "id": 418051307, "price": 6500000.0, "quantity": 0.2470841, "taker_side": "buy", "timestamp": "1618027232.702827"}
{"created_at": 1618027232, "id": 418051308, "price": 6500000.0, "quantity": 0.1, "taker_side": "buy", "timestamp": "1618027232.918188"}
{"created_at": 1618027233, "id": 418051309, "price": 6498810.0, "quantity": 0.01, "taker_side": "buy", "timestamp": "1618027233.2176871"}
{"created_at": 1618027233, "id": 418051310, "price": 6500000.0, "quantity": 0.03, "taker_side": "buy", "timestamp": "1618027233.217746"}
{"created_at": 1618027233, "id": 418051313, "price": 6500000.0, "quantity": 0.04, "taker_side": "buy", "timestamp": "1618027233.4295092"}
{"created_at": 1618027233, "id": 418051314, "price": 6500000.0, "quantity": 0.01999944, "taker_side": "buy", "timestamp": "1618027233.541645"}
{"created_at": 1618027233, "id": 418051317, "price": 6500000.0, "quantity": 0.02, "taker_side": "buy", "timestamp": "1618027233.7510982"}
{"created_at": 1618027233, "id": 418051318, "price": 6500000.0, "quantity": 0.6, "taker_side": "buy", "timestamp": "1618027233.848199"}
{"created_at": 1618027234, "id": 418051321, "price": 6498762.0, "quantity": 0.002, "taker_side": "sell", "timestamp": "1618027234.546357"}
{"created_at": 1618027234, "id": 418051322, "price": 6500000.0, "quantity": 0.1, "taker_side": "buy", "timestamp": "1618027234.8855119"}
{"created_at": 1618027235, "id": 418051324, "price": 6499115.0, "quantity": 0.31737532, "taker_side": "sell", "timestamp": "1618027235.44819"}
{"created_at": 1618027236, "id": 418051332, "price": 6499116.0, "quantity": 0.0352, "taker_side": "sell", "timestamp": "1618027236.377449"}
{"created_at": 1618027236, "id": 418051333, "price": 6499115.0, "quantity": 0.3192, "taker_side": "sell", "timestamp": "1618027236.377513"}
{"created_at": 1618027236, "id": 418051341, "price": 6500000.0, "quantity": 0.16, "taker_side": "buy", "timestamp": "1618027236.7051442"}
{"created_at": 1618027236, "id": 418051343, "price": 6500000.0, "quantity": 0.18853462, "taker_side": "buy", "timestamp": "1618027236.80533"}
{"created_at": 1618027236, "id": 418051344, "price": 6500000.0, "quantity": 0.05601704, "taker_side": "buy", "timestamp": "1618027236.81345"}
{"created_at": 1618027236, "id": 418051349, "price": 6500000.0, "quantity": 0.35064192, "taker_side": "buy", "timestamp": "1618027236.898061"}
{"created_at": 1618027237, "id": 418051350, "price": 6499999.0, "quantity": 0.006, "taker_side": "buy", "timestamp": "1618027237.170857"}
{"created_at": 1618027237, "id": 418051351, "price": 6500000.0, "quantity": 0.034, "taker_side": "buy", "timestamp": "1618027237.170916"}
{"created_at": 1618027237, "id": 418051352, "price": 6498761.0, "quantity": 0.002, "taker_side": "sell", "timestamp": "1618027237.90269"}
{"created_at": 1618027237, "id": 418051353, "price": 6498761.0, "quantity": 0.008, "taker_side": "sell", "timestamp": "1618027237.987647"}
{"created_at": 1618027237, "id": 418051355, "price": 6498750.0, "quantity": 0.0018, "taker_side": "sell", "timestamp": "1618027237.9878469"}
{"created_at": 1618027237, "id": 418051354, "price": 6498751.0, "quantity": 0.0002, "taker_side": "sell", "timestamp": "1618027237.987751"}
{"created_at": 1618027238, "id": 418051356, "price": 6498750.0, "quantity": 0.01, "taker_side": "sell", "timestamp": "1618027238.0331688"}
{"created_at": 1618027238, "id": 418051357, "price": 6499875.0, "quantity": 0.004, "taker_side": "buy", "timestamp": "1618027238.7090921"}
{"created_at": 1618027238, "id": 418051358, "price": 6500000.0, "quantity": 0.036, "taker_side": "buy", "timestamp": "1618027238.709242"}
{"created_at": 1618027239, "id": 418051363, "price": 6498750.0, "quantity": 0.01, "taker_side": "sell", "timestamp": "1618027239.0162802"}
{"created_at": 1618027239, "id": 418051364, "price": 6498750.0, "quantity": 0.04, "taker_side": "sell", "timestamp": "1618027239.0880792"}
{"created_at": 1618027239, "id": 418051365, "price": 6500000.0, "quantity": 0.2, "taker_side": "buy", "timestamp": "1618027239.612813"}
{"created_at": 1618027240, "id": 418051376, "price": 6499455.0, "quantity": 0.0814, "taker_side": "sell", "timestamp": "1618027240.9509451"}
{"created_at": 1618027240, "id": 418051377, "price": 6499455.0, "quantity": 0.3487563, "taker_side": "sell", "timestamp": "1618027240.999085"}
{"created_at": 1618027241, "id": 418051380, "price": 6500000.0, "quantity": 0.002, "taker_side": "buy", "timestamp": "1618027241.203646"}
{"created_at": 1618027241, "id": 418051381, "price": 6500000.0, "quantity": 0.02566566, "taker_side": "buy", "timestamp": "1618027241.2074182"}
{"created_at": 1618027241, "id": 418051382, "price": 6500000.0, "quantity": 0.04235428, "taker_side": "buy", "timestamp": "1618027241.2271738"}
{"created_at": 1618027241, "id": 418051383, "price": 6500000.0, "quantity": 0.19976196, "taker_side": "buy", "timestamp": "1618027241.280746"}
{"created_at": 1618027241, "id": 418051384, "price": 6500000.0, "quantity": 0.5664709, "taker_side": "buy", "timestamp": "1618027241.392577"}
{"created_at": 1618027241, "id": 418051385, "price": 6500000.0, "quantity": 0.19856904, "taker_side": "buy", "timestamp": "1618027241.39603"}
{"created_at": 1618027241, "id": 418051387, "price": 6499999.0, "quantity": 0.006, "taker_side": "buy", "timestamp": "1618027241.523191"}
{"created_at": 1618027241, "id": 418051388, "price": 6500000.0, "quantity": 0.094, "taker_side": "buy", "timestamp": "1618027241.523256"}
{"created_at": 1618027241, "id": 418051389, "price": 6500000.0, "quantity": 0.16, "taker_side": "buy", "timestamp": "1618027241.549044"}
{"created_at": 1618027241, "id": 418051391, "price": 6500000.0, "quantity": 0.0352, "taker_side": "buy", "timestamp": "1618027241.644428"}
{"created_at": 1618027241, "id": 418051392, "price": 6500000.0, "quantity": 0.04, "taker_side": "buy", "timestamp": "1618027241.780552"}
{"created_at": 1618027241, "id": 418051393, "price": 6500000.0, "quantity": 0.06024, "taker_side": "buy", "timestamp": "1618027241.7842271"}
{"created_at": 1618027241, "id": 418051394, "price": 6500000.0, "quantity": 0.04, "taker_side": "buy", "timestamp": "1618027241.8166232"}
{"created_at": 1618027242, "id": 418051396, "price": 6500000.0, "quantity": 0.02, "taker_side": "buy", "timestamp": "1618027242.1104782"}
{"created_at": 1618027242, "id": 418051398, "price": 6500000.0, "quantity": 0.0204, "taker_side": "buy", "timestamp": "1618027242.142797"}
{"created_at": 1618027242, "id": 418051397, "price": 6499999.0, "quantity": 0.006, "taker_side": "buy", "timestamp": "1618027242.142685"}
{"created_at": 1618027242, "id": 418051399, "price": 6500000.0, "quantity": 0.06, "taker_side": "buy", "timestamp": "1618027242.150669"}
{"created_at": 1618027242, "id": 418051401, "price": 6499461.0, "quantity": 0.03403428, "taker_side": "sell", "timestamp": "1618027242.1792169"}
{"created_at": 1618027242, "id": 418051400, "price": 6499515.0, "quantity": 0.006, "taker_side": "sell", "timestamp": "1618027242.179069"}
{"created_at": 1618027242, "id": 418051403, "price": 6499462.0, "quantity": 0.01538314, "taker_side": "sell", "timestamp": "1618027242.2023401"}
{"created_at": 1618027242, "id": 418051402, "price": 6499282.0, "quantity": 0.1584, "taker_side": "sell", "timestamp": "1618027242.17935"}
{"created_at": 1618027242, "id": 418051404, "price": 6499273.0, "quantity": 0.1632, "taker_side": "buy", "timestamp": "1618027242.317503"}
{"created_at": 1618027242, "id": 418051405, "price": 6499273.0, "quantity": 0.03523428, "taker_side": "buy", "timestamp": "1618027242.321793"}
{"created_at": 1618027242, "id": 418051406, "price": 6499274.0, "quantity": 0.06156572, "taker_side": "buy", "timestamp": "1618027242.321922"}
{"created_at": 1618027242, "id": 418051407, "price": 6498750.0, "quantity": 0.02, "taker_side": "sell", "timestamp": "1618027242.405638"}
{"created_at": 1618027242, "id": 418051408, "price": 6499950.0, "quantity": 0.02, "taker_side": "buy", "timestamp": "1618027242.409295"}
{"created_at": 1618027242, "id": 418051409, "price": 6498750.0, "quantity": 0.02, "taker_side": "sell", "timestamp": "1618027242.413085"}
{"created_at": 1618027242, "id": 418051410, "price": 6498750.0, "quantity": 0.02, "taker_side": "sell", "timestamp": "1618027242.44303"}
{"created_at": 1618027242, "id": 418051411, "price": 6500000.0, "quantity": 0.06, "taker_side": "buy", "timestamp": "1618027242.4887419"}
{"created_at": 1618027242, "id": 418051412, "price": 6500000.0, "quantity": 0.16, "taker_side": "buy", "timestamp": "1618027242.4899762"}
{"created_at": 1618027242, "id": 418051413, "price": 6498750.0, "quantity": 0.0214, "taker_side": "sell", "timestamp": "1618027242.515871"}
{"created_at": 1618027242, "id": 418051414, "price": 6498749.0, "quantity": 0.0186, "taker_side": "sell", "timestamp": "1618027242.515938"}
{"created_at": 1618027242, "id": 418051416, "price": 6500000.0, "quantity": 0.02000366, "taker_side": "buy", "timestamp": "1618027242.525769"}
{"created_at": 1618027242, "id": 418051426, "price": 6500000.0, "quantity": 0.0400043, "taker_side": "buy", "timestamp": "1618027242.815524"}
{"created_at": 1618027242, "id": 418051427, "price": 6500000.0, "quantity": 0.1, "taker_side": "buy", "timestamp": "1618027242.829503"}
{"created_at": 1618027242, "id": 418051428, "price": 6498751.0, "quantity": 0.03403428, "taker_side": "sell", "timestamp": "1618027242.843013"}
{"created_at": 1618027242, "id": 418051429, "price": 6500000.0, "quantity": 0.0396, "taker_side": "buy", "timestamp": "1618027242.8578482"}
{"created_at": 1618027243, "id": 418051434, "price": 6499999.0, "quantity": 0.0002, "taker_side": "buy", "timestamp": "1618027243.160362"}
{"created_at": 1618027243, "id": 418051435, "price": 6500000.0, "quantity": 0.0178, "taker_side": "buy", "timestamp": "1618027243.160473"}
{"created_at": 1618027243, "id": 418051436, "price": 6500000.0, "quantity": 0.002, "taker_side": "buy", "timestamp": "1618027243.25657"}
{"created_at": 1618027243, "id": 418051437, "price": 6498749.0, "quantity": 0.1, "taker_side": "sell", "timestamp": "1618027243.264676"}
{"created_at": 1618027243, "id": 418051438, "price": 6498749.0, "quantity": 0.02, "taker_side": "sell", "timestamp": "1618027243.55448"}
{"created_at": 1618027243, "id": 418051439, "price": 6498475.0, "quantity": 0.0064, "taker_side": "sell", "timestamp": "1618027243.5546072"}
{"created_at": 1618027243, "id": 418051440, "price": 6497768.0, "quantity": 0.02411972, "taker_side": "buy", "timestamp": "1618027243.579257"}
{"created_at": 1618027243, "id": 418051442, "price": 6499874.0, "quantity": 0.004, "taker_side": "buy", "timestamp": "1618027243.687718"}
{"created_at": 1618027243, "id": 418051443, "price": 6499375.0, "quantity": 0.004, "taker_side": "sell", "timestamp": "1618027243.709505"}
{"created_at": 1618027243, "id": 418051446, "price": 6498750.0, "quantity": 0.10788028, "taker_side": "sell", "timestamp": "1618027243.8315158"}
{"created_at": 1618027244, "id": 418051451, "price": 6499989.0, "quantity": 0.02000416, "taker_side": "buy", "timestamp": "1618027244.071572"}
{"created_at": 1618027244, "id": 418051452, "price": 6499989.0, "quantity": 0.03999584, "taker_side": "buy", "timestamp": "1618027244.114132"}
{"created_at": 1618027244, "id": 418051453, "price": 6500000.0, "quantity": 0.16000416, "taker_side": "buy", "timestamp": "1618027244.114193"}
{"created_at": 1618027244, "id": 418051458, "price": 6497704.0, "quantity": 0.01, "taker_side": "sell", "timestamp": "1618027244.3578198"}
{"created_at": 1618027244, "id": 418051460, "price": 6499651.0, "quantity": 0.006, "taker_side": "buy", "timestamp": "1618027244.627885"}
{"created_at": 1618027244, "id": 418051461, "price": 6499835.0, "quantity": 0.094, "taker_side": "buy", "timestamp": "1618027244.62796"}
{"created_at": 1618027244, "id": 418051462, "price": 6499835.0, "quantity": 0.1, "taker_side": "buy", "timestamp": "1618027244.647156"}
{"created_at": 1618027244, "id": 418051467, "price": 6499995.0, "quantity": 0.06, "taker_side": "buy", "timestamp": "1618027244.9905941"}
{"created_at": 1618027244, "id": 418051468, "price": 6500000.0, "quantity": 0.36, "taker_side": "buy", "timestamp": "1618027244.990654"}
{"created_at": 1618027245, "id": 418051473, "price": 6498749.0, "quantity": 0.01, "taker_side": "buy", "timestamp": "1618027245.5330088"}
{"created_at": 1618027245, "id": 418051474, "price": 6500000.0, "quantity": 0.1, "taker_side": "buy", "timestamp": "1618027245.8595772"}
{"created_at": 1618027246, "id": 418051475, "price": 6500000.0, "quantity": 0.06, "taker_side": "buy", "timestamp": "1618027246.502003"}
{"created_at": 1618027246, "id": 418051476, "price": 6499998.0, "quantity": 0.30628876, "taker_side": "sell", "timestamp": "1618027246.668415"}
{"created_at": 1618027246, "id": 418051477, "price": 6499998.0, "quantity": 0.54628876, "taker_side": "sell", "timestamp": "1618027246.683539"}
{"created_at": 1618027246, "id": 418051478, "price": 6500000.0, "quantity": 0.06, "taker_side": "buy", "timestamp": "1618027246.870659"}
{"created_at": 1618027246, "id": 418051479, "price": 6500000.0, "quantity": 0.02, "taker_side": "buy", "timestamp": "1618027246.9447591"}
{"created_at": 1618027246, "id": 418051480, "price": 6500000.0, "quantity": 0.002, "taker_side": "buy", "timestamp": "1618027246.9854872"}
{"created_at": 1618027247, "id": 418051482, "price": 6499999.0, "quantity": 0.006, "taker_side": "sell", "timestamp": "1618027247.118783"}
{"created_at": 1618027247, "id": 418051484, "price": 6500000.0, "quantity": 0.02, "taker_side": "buy", "timestamp": "1618027247.257591"}
{"created_at": 1618027247, "id": 418051485, "price": 6500000.0, "quantity": 0.04051972, "taker_side": "buy", "timestamp": "1618027247.798244"}
{"created_at": 1618027247, "id": 418051486, "price": 6500000.0, "quantity": 0.002, "taker_side": "buy", "timestamp": "1618027247.8087401"}
{"created_at": 1618027247, "id": 418051487, "price": 6500000.0, "quantity": 0.006, "taker_side": "buy", "timestamp": "1618027247.8236659"}
{"created_at": 1618027247, "id": 418051488, "price": 6499999.0, "quantity": 0.006, "taker_side": "sell", "timestamp": "1618027247.901056"}
{"created_at": 1618027248, "id": 418051492, "price": 6500000.0, "quantity": 0.06, "taker_side": "buy", "timestamp": "1618027248.6007721"}
{"created_at": 1618027249, "id": 418051497, "price": 6500000.0, "quantity": 0.2, "taker_side": "buy", "timestamp": "1618027249.490039"}
{"created_at": 1618027249, "id": 418051498, "price": 6500000.0, "quantity": 0.12, "taker_side": "buy", "timestamp": "1618027249.6207428"}
{"created_at": 1618027250, "id": 418051500, "price": 6499883.0, "quantity": 0.006, "taker_side": "buy", "timestamp": "1618027250.19381"}
{"created_at": 1618027250, "id": 418051501, "price": 6499935.0, "quantity": 0.004, "taker_side": "buy", "timestamp": "1618027250.194022"}
{"created_at": 1618027250, "id": 418051502, "price": 6499935.0, "quantity": 0.016, "taker_side": "buy", "timestamp": "1618027250.549511"}
{"created_at": 1618027250, "id": 418051503, "price": 6500000.0, "quantity": 0.584, "taker_side": "buy", "timestamp": "1618027250.5496519"}
{"created_at": 1618027251, "id": 418051507, "price": 6498751.0, "quantity": 0.0002, "taker_side": "sell", "timestamp": "1618027251.152396"}
{"created_at": 1618027251, "id": 418051508, "price": 6498700.0, "quantity": 0.004, "taker_side": "sell", "timestamp": "1618027251.152458"}
{"created_at": 1618027251, "id": 418051509, "price": 6497838.0, "quantity": 0.0183874, "taker_side": "sell", "timestamp": "1618027251.152514"}
{"created_at": 1618027251, "id": 418051510, "price": 6497833.0, "quantity": 0.0174126, "taker_side": "sell", "timestamp": "1618027251.152586"}
{"created_at": 1618027253, "id": 418051515, "price": 6500000.0, "quantity": 0.006, "taker_side": "buy", "timestamp": "1618027253.514355"}
{"created_at": 1618027253, "id": 418051514, "price": 6500000.0, "quantity": 0.01, "taker_side": "buy", "timestamp": "1618027253.50467"}
{"created_at": 1618027253, "id": 418051516, "price": 6500000.0, "quantity": 0.24731754, "taker_side": "buy", "timestamp": "1618027253.615207"}
{"created_at": 1618027253, "id": 418051517, "price": 6500000.0, "quantity": 0.81041136, "taker_side": "buy", "timestamp": "1618027253.6404428"}
{"created_at": 1618027253, "id": 418051519, "price": 6500000.0, "quantity": 0.57041136, "taker_side": "buy", "timestamp": "1618027253.651492"}
{"created_at": 1618027253, "id": 418051518, "price": 6500000.0, "quantity": 0.002, "taker_side": "buy", "timestamp": "1618027253.650521"}
{"created_at": 1618027253, "id": 418051520, "price": 6500000.0, "quantity": 0.2267067, "taker_side": "buy", "timestamp": "1618027253.7568781"}
{"created_at": 1618027253, "id": 418051521, "price": 6500000.0, "quantity": 0.02, "taker_side": "buy", "timestamp": "1618027253.822585"}
{"created_at": 1618027253, "id": 418051522, "price": 6500000.0, "quantity": 0.1, "taker_side": "buy", "timestamp": "1618027253.826335"}
{"created_at": 1618027253, "id": 418051523, "price": 6499999.0, "quantity": 0.21918882, "taker_side": "sell", "timestamp": "1618027253.970502"}
{"created_at": 1618027254, "id": 418051524, "price": 6500000.0, "quantity": 0.02000208, "taker_side": "buy", "timestamp": "1618027254.132998"}
{"created_at": 1618027254, "id": 418051526, "price": 6499999.0, "quantity": 0.2, "taker_side": "sell", "timestamp": "1618027254.24544"}
{"created_at": 1618027254, "id": 418051528, "price": 6500000.0, "quantity": 0.006, "taker_side": "buy", "timestamp": "1618027254.266331"}
{"created_at": 1618027254, "id": 418051529, "price": 6499999.0, "quantity": 0.36617306, "taker_side": "sell", "timestamp": "1618027254.56514"}
{"created_at": 1618027254, "id": 418051531, "price": 6500000.0, "quantity": 0.1638, "taker_side": "buy", "timestamp": "1618027254.595039"}
{"created_at": 1618027254, "id": 418051530, "price": 6500000.0, "quantity": 0.0966, "taker_side": "buy", "timestamp": "1618027254.593268"}
{"created_at": 1618027254, "id": 418051533, "price": 6499999.0, "quantity": 0.008, "taker_side": "sell", "timestamp": "1618027254.619018"}
{"created_at": 1618027254, "id": 418051532, "price": 6499999.0, "quantity": 0.21463812, "taker_side": "sell", "timestamp": "1618027254.6188889"}
{"created_at": 1618027254, "id": 418051534, "price": 6499979.0, "quantity": 0.02000452, "taker_side": "buy", "timestamp": "1618027254.671676"}
{"created_at": 1618027254, "id": 418051535, "price": 6499892.0, "quantity": 0.0176, "taker_side": "sell", "timestamp": "1618027254.685951"}
{"created_at": 1618027254, "id": 418051536, "price": 6499891.0, "quantity": 0.2466, "taker_side": "sell", "timestamp": "1618027254.686089"}
{"created_at": 1618027254, "id": 418051540, "price": 6499826.0, "quantity": 0.02, "taker_side": "buy", "timestamp": "1618027254.9803069"}
{"created_at": 1618027254, "id": 418051541, "price": 6500000.0, "quantity": 0.0600137, "taker_side": "buy", "timestamp": "1618027254.980504"}
{"created_at": 1618027255, "id": 418051542, "price": 6500000.0, "quantity": 0.2, "taker_side": "buy", "timestamp": "1618027255.125356"}
{"created_at": 1618027255, "id": 418051543, "price": 6500000.0, "quantity": 0.02000294, "taker_side": "buy", "timestamp": "1618027255.195318"}
{"created_at": 1618027256, "id": 418051546, "price": 6499999.0, "quantity": 0.0002, "taker_side": "buy", "timestamp": "1618027256.028209"}
{"created_at": 1618027256, "id": 418051547, "price": 6500000.0, "quantity": 0.03980604, "taker_side": "buy", "timestamp": "1618027256.028351"}
{"created_at": 1618027256, "id": 418051548, "price": 6500000.0, "quantity": 0.032, "taker_side": "buy", "timestamp": "1618027256.037367"}
{"created_at": 1618027256, "id": 418051549, "price": 6500000.0, "quantity": 0.002, "taker_side": "buy", "timestamp": "1618027256.174137"}
{"created_at": 1618027256, "id": 418051550, "price": 6500000.0, "quantity": 0.2, "taker_side": "buy", "timestamp": "1618027256.7370691"}
{"created_at": 1618027256, "id": 418051551, "price": 6500000.0, "quantity": 0.00959636, "taker_side": "buy", "timestamp": "1618027256.742708"}
{"created_at": 1618027256, "id": 418051552, "price": 6500000.0, "quantity": 0.1, "taker_side": "buy", "timestamp": "1618027256.938269"}
{"created_at": 1618027256, "id": 418051553, "price": 6500000.0, "quantity": 0.02, "taker_side": "buy", "timestamp": "1618027256.9464939"}
{"created_at": 1618027257, "id": 418051554, "price": 6500000.0, "quantity": 0.02585714, "taker_side": "buy", "timestamp": "1618027257.012485"}
{"created_at": 1618027257, "id": 418051555, "price": 6500000.0, "quantity": 0.01414286, "taker_side": "buy", "timestamp": "1618027257.0125508"}
{"created_at": 1618027257, "id": 418051557, "price": 6500000.0, "quantity": 0.06000854, "taker_side": "buy", "timestamp": "1618027257.102633"}
{"created_at": 1618027257, "id": 418051558, "price": 6500000.0, "quantity": 0.2, "taker_side": "buy", "timestamp": "1618027257.526628"}
{"created_at": 1618027258, "id": 418051564, "price": 6500000.0, "quantity": 0.2, "taker_side": "buy", "timestamp": "1618027258.3600268"}
{"created_at": 1618027258, "id": 418051566, "price": 6500000.0, "quantity": 0.1, "taker_side": "buy", "timestamp": "1618027258.4684532"}
{"created_at": 1618027258, "id": 418051567, "price": 6500000.0, "quantity": 0.04, "taker_side": "buy", "timestamp": "1618027258.579154"}
{"created_at": 1618027259, "id": 418051570, "price": 6500000.0, "quantity": 0.002, "taker_side": "buy", "timestamp": "1618027259.046832"}
{"created_at": 1618027259, "id": 418051571, "price": 6500000.0, "quantity": 0.0256086, "taker_side": "buy", "timestamp": "1618027259.310528"}
{"created_at": 1618027259, "id": 418051572, "price": 6500000.0, "quantity": 0.0464, "taker_side": "buy", "timestamp": "1618027259.310584"}
{"created_at": 1618027259, "id": 418051573, "price": 6500000.0, "quantity": 0.02, "taker_side": "buy", "timestamp": "1618027259.3106408"}
{"created_at": 1618027259, "id": 418051574, "price": 6500000.0, "quantity": 0.0002, "taker_side": "buy", "timestamp": "1618027259.310695"}
{"created_at": 1618027259, "id": 418051577, "price": 6501249.0, "quantity": 0.0002, "taker_side": "buy", "timestamp": "1618027259.310862"}
{"created_at": 1618027259, "id": 418051576, "price": 6500480.0, "quantity": 0.000504, "taker_side": "buy", "timestamp": "1618027259.310806"}
{"created_at": 1618027259, "id": 418051578, "price": 6501313.0, "quantity": 0.1027634, "taker_side": "buy", "timestamp": "1618027259.3109171"}
{"created_at": 1618027259, "id": 418051575, "price": 6500103.0, "quantity": 0.004324, "taker_side": "buy", "timestamp": "1618027259.31075"}
{"created_at": 1618027259, "id": 418051579, "price": 6501317.0, "quantity": 0.0064, "taker_side": "buy", "timestamp": "1618027259.479786"}
{"created_at": 1618027259, "id": 418051580, "price": 6501443.0, "quantity": 0.01, "taker_side": "buy", "timestamp": "1618027259.479848"}
{"created_at": 1618027259, "id": 418051581, "price": 6501600.0, "quantity": 0.000504, "taker_side": "buy", "timestamp": "1618027259.479902"}
{"created_at": 1618027259, "id": 418051582, "price": 6501719.0, "quantity": 0.063096, "taker_side": "buy", "timestamp": "1618027259.479955"}
{"created_at": 1618027259, "id": 418051586, "price": 6501739.0, "quantity": 0.02, "taker_side": "buy", "timestamp": "1618027259.839404"}
{"created_at": 1618027259, "id": 418051587, "price": 6501833.0, "quantity": 0.02867024, "taker_side": "buy", "timestamp": "1618027259.839464"}
{"created_at": 1618027259, "id": 418051588, "price": 6502000.0, "quantity": 0.05132976, "taker_side": "buy", "timestamp": "1618027259.839518"}
{"created_at": 1618027260, "id": 418051594, "price": 6500326.0, "quantity": 0.004, "taker_side": "sell", "timestamp": "1618027260.237706"}
{"created_at": 1618027260, "id": 418051595, "price": 6502000.0, "quantity": 0.02, "taker_side": "buy", "timestamp": "1618027260.624886"}
{"created_at": 1618027260, "id": 418051596, "price": 6502000.0, "quantity": 0.034, "taker_side": "buy", "timestamp": "1618027260.70244"}
{"created_at": 1618027261, "id": 418051597, "price": 6502000.0, "quantity": 0.02, "taker_side": "buy", "timestamp": "1618027261.170727"}
{"created_at": 1618027261, "id": 418051599, "price": 6502000.0, "quantity": 0.01, "taker_side": "buy", "timestamp": "1618027261.420639"}
{"created_at": 1618027261, "id": 418051600, "price": 6502000.0, "quantity": 0.004, "taker_side": "buy", "timestamp": "1618027261.482656"}
{"created_at": 1618027261, "id": 418051602, "price": 6502000.0, "quantity": 0.02, "taker_side": "buy", "timestamp": "1618027261.675461"}
{"created_at": 1618027262, "id": 418051603, "price": 6502000.0, "quantity": 0.00067024, "taker_side": "buy", "timestamp": "1618027262.165358"}
{"created_at": 1618027262, "id": 418051604, "price": 6502010.0, "quantity": 0.002, "taker_side": "sell", "timestamp": "1618027262.2217028"}
{"created_at": 1618027262, "id": 418051605, "price": 6502010.0, "quantity": 0.15732976, "taker_side": "sell", "timestamp": "1618027262.245881"}
{"created_at": 1618027262, "id": 418051606, "price": 6500655.0, "quantity": 0.01, "taker_side": "sell", "timestamp": "1618027262.24603"}
{"created_at": 1618027262, "id": 418051607, "price": 6500645.0, "quantity": 0.02, "taker_side": "sell", "timestamp": "1618027262.246169"}
{"created_at": 1618027262, "id": 418051608, "price": 6500145.0, "quantity": 0.0064, "taker_side": "sell", "timestamp": "1618027262.246302"}
{"created_at": 1618027262, "id": 418051609, "price": 6499782.0, "quantity": 0.0064, "taker_side": "sell", "timestamp": "1618027262.246453"}
{"created_at": 1618027262, "id": 418051610, "price": 6499221.0, "quantity": 0.002, "taker_side": "sell", "timestamp": "1618027262.246594"}
{"created_at": 1618027262, "id": 418051611, "price": 6499109.0, "quantity": 0.0183882, "taker_side": "sell", "timestamp": "1618027262.246708"}
{"created_at": 1618027262, "id": 418051613, "price": 6499106.0, "quantity": 0.02708666, "taker_side": "sell", "timestamp": "1618027262.2469702"}
{"created_at": 1618027262, "id": 418051612, "price": 6499107.0, "quantity": 0.0132, "taker_side": "sell", "timestamp": "1618027262.2468228"}
{"created_at": 1618027262, "id": 418051619, "price": 6498759.0, "quantity": 0.01837222, "taker_side": "sell", "timestamp": "1618027262.446476"}
{"created_at": 1618027262, "id": 418051620, "price": 6498759.0, "quantity": 0.01162778, "taker_side": "sell", "timestamp": "1618027262.4465668"}
{"created_at": 1618027262, "id": 418051621, "price": 6498759.0, "quantity": 0.02, "taker_side": "sell", "timestamp": "1618027262.482311"}
{"created_at": 1618027262, "id": 418051622, "price": 6498754.0, "quantity": 0.01, "taker_side": "sell", "timestamp": "1618027262.507076"}
{"created_at": 1618027262, "id": 418051623, "price": 6498762.0, "quantity": 0.01, "taker_side": "sell", "timestamp": "1618027262.5420759"}
{"created_at": 1618027262, "id": 418051624, "price": 6498762.0, "quantity": 0.002, "taker_side": "sell", "timestamp": "1618027262.555274"}
{"created_at": 1618027262, "id": 418051625, "price": 6498754.0, "quantity": 0.08933866, "taker_side": "sell", "timestamp": "1618027262.555394"}
{"created_at": 1618027262, "id": 418051626, "price": 6498751.0, "quantity": 0.0002, "taker_side": "sell", "timestamp": "1618027262.555508"}
{"created_at": 1618027262, "id": 418051628, "price": 6498174.0, "quantity": 0.002, "taker_side": "sell", "timestamp": "1618027262.585114"}
{"created_at": 1618027262, "id": 418051629, "price": 6498173.0, "quantity": 0.0183874, "taker_side": "sell", "timestamp": "1618027262.585301"}
{"created_at": 1618027262, "id": 418051630, "price": 6498168.0, "quantity": 0.01838986, "taker_side": "sell", "timestamp": "1618027262.585424"}
{"created_at": 1618027262, "id": 418051631, "price": 6498162.0, "quantity": 0.0286, "taker_side": "sell", "timestamp": "1618027262.5855622"}
{"created_at": 1618027262, "id": 418051627, "price": 6498240.0, "quantity": 0.000504, "taker_side": "sell", "timestamp": "1618027262.584922"}
{"created_at": 1618027262, "id": 418051633, "price": 6498161.0, "quantity": 0.18, "taker_side": "buy", "timestamp": "1618027262.69297"}
{"created_at": 1618027262, "id": 418051635, "price": 6498057.0, "quantity": 0.006, "taker_side": "sell", "timestamp": "1618027262.7411761"}
{"created_at": 1618027262, "id": 418051636, "price": 6498161.0, "quantity": 0.0946, "taker_side": "buy", "timestamp": "1618027262.7506812"}
{"created_at": 1618027262, "id": 418051638, "price": 6498159.0, "quantity": 0.01, "taker_side": "buy", "timestamp": "1618027262.8111382"}
{"created_at": 1618027262, "id": 418051642, "price": 6498057.0, "quantity": 0.01, "taker_side": "sell", "timestamp": "1618027262.891712"}
{"created_at": 1618027263, "id": 418051647, "price": 6498121.0, "quantity": 0.01, "taker_side": "buy", "timestamp": "1618027263.0177019"}
{"created_at": 1618027263, "id": 418051649, "price": 6499200.0, "quantity": 0.05549518, "taker_side": "buy", "timestamp": "1618027263.0178251"}
{"created_at": 1618027263, "id": 418051648, "price": 6499029.0, "quantity": 0.02, "taker_side": "buy", "timestamp": "1618027263.017768"}
{"created_at": 1618027263, "id": 418051651, "price": 6499579.0, "quantity": 0.002, "taker_side": "buy", "timestamp": "1618027263.017932"}
{"created_at": 1618027263, "id": 418051650, "price": 6499486.0, "quantity": 0.0064, "taker_side": "buy", "timestamp": "1618027263.017878"}
{"created_at": 1618027263, "id": 418051652, "price": 6500416.0, "quantity": 0.1632, "taker_side": "buy", "timestamp": "1618027263.017997"}
{"created_at": 1618027263, "id": 418051653, "price": 6500558.0, "quantity": 0.05050482, "taker_side": "buy", "timestamp": "1618027263.018056"}
{"created_at": 1618027263, "id": 418051655, "price": 6498057.0, "quantity": 0.02, "taker_side": "sell", "timestamp": "1618027263.0656068"}
{"created_at": 1618027263, "id": 418051660, "price": 6498114.0, "quantity": 0.006, "taker_side": "buy", "timestamp": "1618027263.2494369"}
{"created_at": 1618027263, "id": 418051662, "price": 6499693.0, "quantity": 0.02, "taker_side": "buy", "timestamp": "1618027263.304139"}
{"created_at": 1618027263, "id": 418051663, "price": 6500558.0, "quantity": 0.04949518, "taker_side": "buy", "timestamp": "1618027263.304257"}
{"created_at": 1618027263, "id": 418051664, "price": 6500661.0, "quantity": 0.03162778, "taker_side": "buy", "timestamp": "1618027263.3043761"}
{"created_at": 1618027264, "id": 418051669, "price": 6501600.0, "quantity": 0.000504, "taker_side": "buy", "timestamp": "1618027264.1300638"}
{"created_at": 1618027264, "id": 418051670, "price": 6502034.0, "quantity": 0.0002, "taker_side": "buy", "timestamp": "1618027264.130124"}
{"created_at": 1618027264, "id": 418051672, "price": 6502499.0, "quantity": 0.0002, "taker_side": "buy", "timestamp": "1618027264.130233"}
{"created_at": 1618027264, "id": 418051673, "price": 6502686.0, "quantity": 0.176096, "taker_side": "buy", "timestamp": "1618027264.130286"}
{"created_at": 1618027264, "id": 418051671, "price": 6502222.0, "quantity": 0.023, "taker_side": "buy", "timestamp": "1618027264.1301792"}
{"created_at": 1618027264, "id": 418051674, "price": 6502717.0, "quantity": 0.004, "taker_side": "buy", "timestamp": "1618027264.755434"}
{"created_at": 1618027264, "id": 418051675, "price": 6502720.0, "quantity": 0.000504, "taker_side": "buy", "timestamp": "1618027264.7554932"}
{"created_at": 1618027264, "id": 418051678, "price": 6503090.0, "quantity": 0.008646, "taker_side": "buy", "timestamp": "1618027264.7556632"}
{"created_at": 1618027264, "id": 418051677, "price": 6502859.0, "quantity": 0.08485, "taker_side": "buy", "timestamp": "1618027264.755604"}
{"created_at": 1618027264, "id": 418051676, "price": 6502780.0, "quantity": 0.002, "taker_side": "buy", "timestamp": "1618027264.755546"}
{"created_at": 1618027264, "id": 418051680, "price": 6503271.0, "quantity": 0.004, "taker_side": "buy", "timestamp": "1618027264.894188"}
{"created_at": 1618027264, "id": 418051681, "price": 6503494.0, "quantity": 0.033, "taker_side": "buy", "timestamp": "1618027264.894248"}
{"created_at": 1618027265, "id": 418051684, "price": 6503749.0, "quantity": 0.0002, "taker_side": "buy", "timestamp": "1618027265.308311"}
{"created_at": 1618027265, "id": 418051685, "price": 6503840.0, "quantity": 0.000504, "taker_side": "buy", "timestamp": "1618027265.30838"}
{"created_at": 1618027265, "id": 418051686, "price": 6503930.0, "quantity": 0.039296, "taker_side": "buy", "timestamp": "1618027265.308437"}
{"created_at": 1618027265, "id": 418051690, "price": 6503302.0, "quantity": 0.02, "taker_side": "buy", "timestamp": "1618027265.625809"}
{"created_at": 1618027265, "id": 418051691, "price": 6503743.0, "quantity": 0.03235538, "taker_side": "buy", "timestamp": "1618027265.625952"}
{"created_at": 1618027265, "id": 418051693, "price": 6503743.0, "quantity": 0.006, "taker_side": "buy", "timestamp": "1618027265.863374"}
{"created_at": 1618027266, "id": 418051696, "price": 6504706.0, "quantity": 0.1, "taker_side": "buy", "timestamp": "1618027266.0633678"}
{"created_at": 1618027266, "id": 418051697, "price": 6504959.0, "quantity": 0.02, "taker_side": "buy", "timestamp": "1618027266.134889"}
{"created_at": 1618027266, "id": 418051698, "price": 6504959.0, "quantity": 0.00070384, "taker_side": "buy", "timestamp": "1618027266.183815"}
{"created_at": 1618027266, "id": 418051702, "price": 6505001.0, "quantity": 0.0002, "taker_side": "buy", "timestamp": "1618027266.184036"}
{"created_at": 1618027266, "id": 418051699, "price": 6504960.0, "quantity": 0.000504, "taker_side": "buy", "timestamp": "1618027266.183875"}
{"created_at": 1618027266, "id": 418051704, "price": 6505125.0, "quantity": 0.06, "taker_side": "buy", "timestamp": "1618027266.184148"}
{"created_at": 1618027266, "id": 418051703, "price": 6505050.0, "quantity": 0.02, "taker_side": "buy", "timestamp": "1618027266.184088"}
{"created_at": 1618027266, "id": 418051701, "price": 6505000.0, "quantity": 0.004, "taker_side": "buy", "timestamp": "1618027266.1839821"}
{"created_at": 1618027266, "id": 418051706, "price": 6505130.0, "quantity": 0.01419216, "taker_side": "buy", "timestamp": "1618027266.184254"}
{"created_at": 1618027266, "id": 418051700, "price": 6504999.0, "quantity": 0.0002, "taker_side": "buy", "timestamp": "1618027266.1839292"}
{"created_at": 1618027266, "id": 418051705, "price": 6505130.0, "quantity": 0.0002, "taker_side": "buy", "timestamp": "1618027266.184203"}
{"created_at": 1618027266, "id": 418051707, "price": 6505130.0, "quantity": 0.0031398, "taker_side": "buy", "timestamp": "1618027266.189559"}
{"created_at": 1618027266, "id": 418051711, "price": 6505269.0, "quantity": 0.004, "taker_side": "buy", "timestamp": "1618027266.725117"}
{"created_at": 1618027266, "id": 418051712, "price": 6505269.0, "quantity": 0.1, "taker_side": "buy", "timestamp": "1618027266.802151"}
{"created_at": 1618027267, "id": 418051714, "price": 6505077.0, "quantity": 0.04, "taker_side": "buy", "timestamp": "1618027267.5367649"}
{"created_at": 1618027268, "id": 418051717, "price": 6505270.0, "quantity": 0.002, "taker_side": "buy", "timestamp": "1618027268.024804"}
{"created_at": 1618027268, "id": 418051719, "price": 6503419.0, "quantity": 0.0002, "taker_side": "sell", "timestamp": "1618027268.418355"}
{"created_at": 1618027268, "id": 418051720, "price": 6503494.0, "quantity": 0.1636, "taker_side": "buy", "timestamp": "1618027268.4339368"}
{"created_at": 1618027268, "id": 418051721, "price": 6504126.0, "quantity": 0.0982, "taker_side": "buy", "timestamp": "1618027268.44931"}
{"created_at": 1618027268, "id": 418051723, "price": 6505270.0, "quantity": 0.04, "taker_side": "buy", "timestamp": "1618027268.64939"}
{"created_at": 1618027269, "id": 418051725, "price": 6503606.0, "quantity": 0.006, "taker_side": "buy", "timestamp": "1618027269.3235798"}
{"created_at": 1618027269, "id": 418051726, "price": 6505270.0, "quantity": 0.004, "taker_side": "buy", "timestamp": "1618027269.74269"}
{"created_at": 1618027270, "id": 418051728, "price": 6503422.0, "quantity": 0.01699706, "taker_side": "sell", "timestamp": "1618027270.274966"}
{"created_at": 1618027271, "id": 418051729, "price": 6503422.0, "quantity": 0.002, "taker_side": "sell", "timestamp": "1618027271.165246"}
{"created_at": 1618027271, "id": 418051730, "price": 6503422.0, "quantity": 0.00100294, "taker_side": "sell", "timestamp": "1618027271.173221"}
{"created_at": 1618027271, "id": 418051731, "price": 6502993.0, "quantity": 0.00099706, "taker_side": "sell", "timestamp": "1618027271.173292"}
{"created_at": 1618027271, "id": 418051733, "price": 6502994.0, "quantity": 0.002, "taker_side": "sell", "timestamp": "1618027271.443748"}
{"created_at": 1618027271, "id": 418051734, "price": 6503230.0, "quantity": 0.002, "taker_side": "sell", "timestamp": "1618027271.577193"}
{"created_at": 1618027271, "id": 418051736, "price": 6505345.0, "quantity": 0.0002, "taker_side": "buy", "timestamp": "1618027271.961899"}
{"created_at": 1618027271, "id": 418051738, "price": 6505523.0, "quantity": 0.0019593, "taker_side": "buy", "timestamp": "1618027271.962018"}
{"created_at": 1618027271, "id": 418051740, "price": 6505950.0, "quantity": 0.0002, "taker_side": "buy", "timestamp": "1618027271.962143"}
{"created_at": 1618027271, "id": 418051737, "price": 6505494.0, "quantity": 0.0012, "taker_side": "buy", "timestamp": "1618027271.961963"}
{"created_at": 1618027271, "id": 418051741, "price": 6505955.0, "quantity": 0.0002407, "taker_side": "buy", "timestamp": "1618027271.9621959"}
{"created_at": 1618027271, "id": 418051739, "price": 6505669.0, "quantity": 0.0002, "taker_side": "buy", "timestamp": "1618027271.962075"}
{"created_at": 1618027272, "id": 418051743, "price": 6503049.0, "quantity": 0.002, "taker_side": "sell", "timestamp": "1618027272.663994"}
{"created_at": 1618027272, "id": 418051744, "price": 6505955.0, "quantity": 0.0009593, "taker_side": "buy", "timestamp": "1618027272.799457"}
{"created_at": 1618027272, "id": 418051745, "price": 6506080.0, "quantity": 0.000504, "taker_side": "buy", "timestamp": "1618027272.7995222"}
{"created_at": 1618027272, "id": 418051747, "price": 6507000.0, "quantity": 0.0002, "taker_side": "buy", "timestamp": "1618027272.799628"}
{"created_at": 1618027272, "id": 418051746, "price": 6506249.0, "quantity": 0.0002, "taker_side": "buy", "timestamp": "1618027272.799576"}
{"created_at": 1618027272, "id": 418051748, "price": 6507199.0, "quantity": 0.0281367, "taker_side": "buy", "timestamp": "1618027272.7996988"}
{"created_at": 1618027272, "id": 418051749, "price": 6504141.0, "quantity": 0.103, "taker_side": "buy", "timestamp": "1618027272.869034"}
{"created_at": 1618027272, "id": 418051751, "price": 6507200.0, "quantity": 0.000504, "taker_side": "buy", "timestamp": "1618027272.8789692"}
{"created_at": 1618027272, "id": 418051750, "price": 6507199.0, "quantity": 0.0334633, "taker_side": "buy", "timestamp": "1618027272.878908"}
{"created_at": 1618027272, "id": 418051752, "price": 6507200.0, "quantity": 0.0060327, "taker_side": "buy", "timestamp": "1618027272.8790212"}
{"created_at": 1618027272, "id": 418051753, "price": 6507499.0, "quantity": 0.0004, "taker_side": "buy", "timestamp": "1618027272.954615"}
{"created_at": 1618027272, "id": 418051754, "price": 6507614.0, "quantity": 0.0196, "taker_side": "buy", "timestamp": "1618027272.954674"}
{"created_at": 1618027272, "id": 418051755, "price": 6504264.0, "quantity": 0.097, "taker_side": "buy", "timestamp": "1618027272.970346"}
{"created_at": 1618027273, "id": 418051756, "price": 6503509.0, "quantity": 0.006, "taker_side": "buy", "timestamp": "1618027273.095318"}
{"created_at": 1618027273, "id": 418051757, "price": 6503467.0, "quantity": 0.02, "taker_side": "buy", "timestamp": "1618027273.1135108"}
{"created_at": 1618027273, "id": 418051762, "price": 6505270.0, "quantity": 0.1391314, "taker_side": "buy", "timestamp": "1618027273.830701"}
{"created_at": 1618027273, "id": 418051761, "price": 6505270.0, "quantity": 0.2608686, "taker_side": "buy", "timestamp": "1618027273.8305862"}
{"created_at": 1618027273, "id": 418051763, "price": 6505270.0, "quantity": 0.1, "taker_side": "buy", "timestamp": "1618027273.891912"}
{"created_at": 1618027274, "id": 418051764, "price": 6503306.0, "quantity": 0.02, "taker_side": "sell", "timestamp": "1618027274.15088"}
{"created_at": 1618027274, "id": 418051765, "price": 6503058.0, "quantity": 0.98, "taker_side": "sell", "timestamp": "1618027274.1509461"}
{"created_at": 1618027274, "id": 418051766, "price": 6505270.0, "quantity": 0.1, "taker_side": "buy", "timestamp": "1618027274.1839948"}
{"created_at": 1618027275, "id": 418051770, "price": 6505270.0, "quantity": 0.04, "taker_side": "buy", "timestamp": "1618027275.181211"}
{"created_at": 1618027275, "id": 418051771, "price": 6505270.0, "quantity": 0.01, "taker_side": "buy", "timestamp": "1618027275.569559"}
{"created_at": 1618027275, "id": 418051772, "price": 6505270.0, "quantity": 0.1, "taker_side": "buy", "timestamp": "1618027275.606245"}
{"created_at": 1618027275, "id": 418051773, "price": 6505270.0, "quantity": 0.02, "taker_side": "buy", "timestamp": "1618027275.964489"}
{"created_at": 1618027276, "id": 418051774, "price": 6505270.0, "quantity": 0.08, "taker_side": "buy", "timestamp": "1618027276.174363"}
{"created_at": 1618027276, "id": 418051777, "price": 6505270.0, "quantity": 0.02, "taker_side": "buy", "timestamp": "1618027276.329313"}
{"created_at": 1618027276, "id": 418051779, "price": 6505270.0, "quantity": 0.0522, "taker_side": "buy", "timestamp": "1618027276.5081038"}
{"created_at": 1618027276, "id": 418051780, "price": 6505270.0, "quantity": 0.04, "taker_side": "buy", "timestamp": "1618027276.591829"}
{"created_at": 1618027276, "id": 418051781, "price": 6505270.0, "quantity": 0.0476, "taker_side": "buy", "timestamp": "1618027276.727437"}
{"created_at": 1618027277, "id": 418051782, "price": 6505270.0, "quantity": 0.0002, "taker_side": "buy", "timestamp": "1618027277.282898"}
{"created_at": 1618027277, "id": 418051783, "price": 6505270.0, "quantity": 0.014, "taker_side": "buy", "timestamp": "1618027277.605438"}
{"created_at": 1618027277, "id": 418051784, "price": 6503853.0, "quantity": 0.0002, "taker_side": "sell", "timestamp": "1618027277.6404748"}
{"created_at": 1618027277, "id": 418051785, "price": 6503853.0, "quantity": 0.002, "taker_side": "sell", "timestamp": "1618027277.784322"}
{"created_at": 1618027277, "id": 418051787, "price": 6505270.0, "quantity": 0.094, "taker_side": "buy", "timestamp": "1618027277.826923"}
{"created_at": 1618027277, "id": 418051786, "price": 6505128.0, "quantity": 0.006, "taker_side": "buy", "timestamp": "1618027277.8268611"}
{"created_at": 1618027278, "id": 418051789, "price": 6505270.0, "quantity": 0.01, "taker_side": "buy", "timestamp": "1618027278.352402"}
{"created_at": 1618027278, "id": 418051790, "price": 6505270.0, "quantity": 0.1, "taker_side": "buy", "timestamp": "1618027278.590053"}
{"created_at": 1618027279, "id": 418051797, "price": 6505938.0, "quantity": 0.00493142, "taker_side": "buy", "timestamp": "1618027279.008018"}
{"created_at": 1618027279, "id": 418051796, "price": 6505270.0, "quantity": 0.19506858, "taker_side": "buy", "timestamp": "1618027279.007957"}
{"created_at": 1618027279, "id": 418051798, "price": 6505938.0, "quantity": 0.00146858, "taker_side": "buy", "timestamp": "1618027279.036155"}
{"created_at": 1618027279, "id": 418051799, "price": 6507211.0, "quantity": 0.00053142, "taker_side": "buy", "timestamp": "1618027279.036235"}
{"created_at": 1618027279, "id": 418051800, "price": 6507211.0, "quantity": 0.1, "taker_side": "buy", "timestamp": "1618027279.068646"}
{"created_at": 1618027279, "id": 418051807, "price": 6504002.0, "quantity": 0.002, "taker_side": "sell", "timestamp": "1618027279.306707"}
{"created_at": 1618027279, "id": 418051806, "price": 6504127.0, "quantity": 0.006, "taker_side": "sell", "timestamp": "1618027279.3065841"}
{"created_at": 1618027279, "id": 418051808, "price": 6504002.0, "quantity": 0.056, "taker_side": "sell", "timestamp": "1618027279.328598"}
{"created_at": 1618027279, "id": 418051809, "price": 6503998.0, "quantity": 0.02, "taker_side": "sell", "timestamp": "1618027279.328726"}
{"created_at": 1618027279, "id": 418051813, "price": 6503998.0, "quantity": 0.00417488, "taker_side": "sell", "timestamp": "1618027279.388368"}
{"created_at": 1618027279, "id": 418051814, "price": 6506955.0, "quantity": 0.02, "taker_side": "buy", "timestamp": "1618027279.453741"}
{"created_at": 1618027279, "id": 418051815, "price": 6504130.0, "quantity": 0.0042416, "taker_side": "sell", "timestamp": "1618027279.5090911"}
{"created_at": 1618027279, "id": 418051819, "price": 6506955.0, "quantity": 0.01, "taker_side": "buy", "timestamp": "1618027279.614143"}
{"created_at": 1618027280, "id": 418051820, "price": 6504545.0, "quantity": 0.006, "taker_side": "sell", "timestamp": "1618027280.43766"}
{"created_at": 1618027280, "id": 418051821, "price": 6504387.0, "quantity": 0.01614068, "taker_side": "sell", "timestamp": "1618027280.43779"}
{"created_at": 1618027280, "id": 418051822, "price": 6504359.0, "quantity": 0.04989544, "taker_side": "sell", "timestamp": "1618027280.437911"}
{"created_at": 1618027280, "id": 418051823, "price": 6506955.0, "quantity": 0.01, "taker_side": "buy", "timestamp": "1618027280.7400022"}
{"created_at": 1618027280, "id": 418051824, "price": 6507916.0, "quantity": 0.07, "taker_side": "buy", "timestamp": "1618027280.740061"}
{"created_at": 1618027281, "id": 418051825, "price": 6507421.0, "quantity": 0.02, "taker_side": "buy", "timestamp": "1618027281.036694"}
{"created_at": 1618027281, "id": 418051826, "price": 6507165.0, "quantity": 0.02, "taker_side": "buy", "timestamp": "1618027281.4304771"}
{"created_at": 1618027281, "id": 418051827, "price": 6507558.0, "quantity": 0.02, "taker_side": "buy", "timestamp": "1618027281.430536"}
{"created_at": 1618027281, "id": 418051828, "price": 6507916.0, "quantity": 0.06, "taker_side": "buy", "timestamp": "1618027281.430588"}
{"created_at": 1618027281, "id": 418051830, "price": 6508319.0, "quantity": 0.01, "taker_side": "buy", "timestamp": "1618027281.7559738"}
{"created_at": 1618027282, "id": 418051831, "price": 6508314.0, "quantity": 0.02, "taker_side": "buy", "timestamp": "1618027282.310018"}
{"created_at": 1618027282, "id": 418051834, "price": 6508320.0, "quantity": 0.000504, "taker_side": "buy", "timestamp": "1618027282.6665978"}
{"created_at": 1618027282, "id": 418051835, "price": 6508645.0, "quantity": 0.001496, "taker_side": "buy", "timestamp": "1618027282.666667"}
{"created_at": 1618027282, "id": 418051836, "price": 6508309.0, "quantity": 0.0019571, "taker_side": "buy", "timestamp": "1618027282.7847779"}
{"created_at": 1618027283, "id": 418051837, "price": 6508309.0, "quantity": 0.0080429, "taker_side": "buy", "timestamp": "1618027283.008801"}
{"created_at": 1618027283, "id": 418051840, "price": 6509182.0, "quantity": 0.00533378, "taker_side": "buy", "timestamp": "1618027283.009148"}
{"created_at": 1618027283, "id": 418051838, "price": 6508749.0, "quantity": 0.0004, "taker_side": "buy", "timestamp": "1618027283.008914"}
{"created_at": 1618027283, "id": 418051839, "price": 6509182.0, "quantity": 0.006, "taker_side": "buy", "timestamp": "1618027283.009034"}
{"created_at": 1618027283, "id": 418051841, "price": 6509309.0, "quantity": 0.002, "taker_side": "buy", "timestamp": "1618027283.483973"}
{"created_at": 1618027283, "id": 418051843, "price": 6505898.0, "quantity": 0.02, "taker_side": "sell", "timestamp": "1618027283.884981"}
{"created_at": 1618027283, "id": 418051844, "price": 6505628.0, "quantity": 0.0064, "taker_side": "sell", "timestamp": "1618027283.892916"}
{"created_at": 1618027283, "id": 418051845, "price": 6505466.0, "quantity": 0.01, "taker_side": "sell", "timestamp": "1618027283.8930361"}
{"created_at": 1618027283, "id": 418051846, "price": 6505281.0, "quantity": 0.002, "taker_side": "sell", "timestamp": "1618027283.893173"}
{"created_at": 1618027283, "id": 418051847, "price": 6505273.0, "quantity": 0.0183874, "taker_side": "sell", "timestamp": "1618027283.8932931"}
{"created_at": 1618027283, "id": 418051849, "price": 6505267.0, "quantity": 0.01838986, "taker_side": "sell", "timestamp": "1618027283.8935459"}
