{"created_at": 1618030800, "id": 418077573, "price": 6675803.0, "quantity": 0.06, "taker_side": "buy", "timestamp": "1618030800.714239"}
{"created_at": 1618030800, "id": 418077572, "price": 6675798.0, "quantity": 0.02533652, "taker_side": "buy", "timestamp": "1618030800.714127"}
{"created_at": 1618030800, "id": 418077574, "price": 6675805.0, "quantity": 0.002, "taker_side": "buy", "timestamp": "1618030800.714344"}
{"created_at": 1618030800, "id": 418077575, "price": 6675805.0, "quantity": 0.03533652, "taker_side": "buy", "timestamp": "1618030800.714448"}
{"created_at": 1618030800, "id": 418077576, "price": 6675810.0, "quantity": 0.0022, "taker_side": "buy", "timestamp": "1618030800.714567"}
{"created_at": 1618030800, "id": 418077577, "price": 6675818.0, "quantity": 0.004, "taker_side": "buy", "timestamp": "1618030800.714676"}
{"created_at": 1618030800, "id": 418077578, "price": 6676249.0, "quantity": 0.0002, "taker_side": "buy", "timestamp": "1618030800.7148108"}
{"created_at": 1618030800, "id": 418077579, "price": 6676531.0, "quantity": 0.01, "taker_side": "buy", "timestamp": "1618030800.7149389"}
{"created_at": 1618030800, "id": 418077581, "price": 6678216.0, "quantity": 0.0018, "taker_side": "buy", "timestamp": "1618030800.7666712"}
{"created_at": 1618030800, "id": 418077580, "price": 6677499.0, "quantity": 0.0002, "taker_side": "buy", "timestamp": "1618030800.766591"}
{"created_at": 1618030801, "id": 418077591, "price": 6676921.0, "quantity": 0.05400852, "taker_side": "sell", "timestamp": "1618030801.091964"}
{"created_at": 1618030801, "id": 418077592, "price": 6677069.0, "quantity": 0.01, "taker_side": "sell", "timestamp": "1618030801.212254"}
{"created_at": 1618030801, "id": 418077595, "price": 6675812.0, "quantity": 0.0002, "taker_side": "sell", "timestamp": "1618030801.688294"}
{"created_at": 1618030801, "id": 418077596, "price": 6678452.0, "quantity": 0.02, "taker_side": "buy", "timestamp": "1618030801.849783"}
{"created_at": 1618030801, "id": 418077597, "price": 6678732.0, "quantity": 0.002, "taker_side": "buy", "timestamp": "1618030801.849854"}
{"created_at": 1618030801, "id": 418077599, "price": 6678749.0, "quantity": 0.0002, "taker_side": "buy", "timestamp": "1618030801.849997"}
{"created_at": 1618030801, "id": 418077600, "price": 6679169.0, "quantity": 0.00310066, "taker_side": "buy", "timestamp": "1618030801.85005"}
{"created_at": 1618030801, "id": 418077598, "price": 6678748.0, "quantity": 0.011, "taker_side": "buy", "timestamp": "1618030801.849943"}
{"created_at": 1618030801, "id": 418077601, "price": 6679660.0, "quantity": 0.00369934, "taker_side": "buy", "timestamp": "1618030801.850102"}
{"created_at": 1618030802, "id": 418077609, "price": 6679482.0, "quantity": 0.004, "taker_side": "buy", "timestamp": "1618030802.321007"}
{"created_at": 1618030802, "id": 418077610, "price": 6679660.0, "quantity": 0.02490066, "taker_side": "buy", "timestamp": "1618030802.32112"}
{"created_at": 1618030802, "id": 418077611, "price": 6679998.0, "quantity": 0.06709934, "taker_side": "buy", "timestamp": "1618030802.321248"}
{"created_at": 1618030802, "id": 418077612, "price": 6679998.0, "quantity": 0.13290066, "taker_side": "buy", "timestamp": "1618030802.356132"}
{"created_at": 1618030802, "id": 418077613, "price": 6679999.0, "quantity": 0.0002, "taker_side": "buy", "timestamp": "1618030802.3672671"}
{"created_at": 1618030802, "id": 418077614, "price": 6679999.0, "quantity": 0.00848898, "taker_side": "buy", "timestamp": "1618030802.36738"}
{"created_at": 1618030802, "id": 418077621, "price": 6680020.0, "quantity": 0.0002, "taker_side": "sell", "timestamp": "1618030802.812462"}
{"created_at": 1618030802, "id": 418077622, "price": 6681198.0, "quantity": 0.002, "taker_side": "buy", "timestamp": "1618030802.8188548"}
{"created_at": 1618030803, "id": 418077625, "price": 6681249.0, "quantity": 0.0002, "taker_side": "buy", "timestamp": "1618030803.005706"}
{"created_at": 1618030803, "id": 418077623, "price": 6681198.0, "quantity": 0.053, "taker_side": "buy", "timestamp": "1618030803.005455"}
{"created_at": 1618030803, "id": 418077627, "price": 6681695.0, "quantity": 0.004, "taker_side": "buy", "timestamp": "1618030803.005995"}
{"created_at": 1618030803, "id": 418077626, "price": 6681600.0, "quantity": 0.012, "taker_side": "buy", "timestamp": "1618030803.005822"}
{"created_at": 1618030803, "id": 418077624, "price": 6681199.0, "quantity": 0.131, "taker_side": "buy", "timestamp": "1618030803.005588"}
{"created_at": 1618030803, "id": 418077628, "price": 6681790.0, "quantity": 0.002, "taker_side": "buy", "timestamp": "1618030803.357992"}
{"created_at": 1618030803, "id": 418077630, "price": 6682499.0, "quantity": 0.0002, "taker_side": "buy", "timestamp": "1618030803.412504"}
{"created_at": 1618030803, "id": 418077629, "price": 6681790.0, "quantity": 0.0258655, "taker_side": "buy", "timestamp": "1618030803.41239"}
{"created_at": 1618030803, "id": 418077631, "price": 6682525.0, "quantity": 0.0528, "taker_side": "buy", "timestamp": "1618030803.41261"}
{"created_at": 1618030803, "id": 418077632, "price": 6682545.0, "quantity": 0.146469, "taker_side": "sell", "timestamp": "1618030803.545245"}
{"created_at": 1618030803, "id": 418077633, "price": 6681021.0, "quantity": 0.01, "taker_side": "sell", "timestamp": "1618030803.619999"}
{"created_at": 1618030803, "id": 418077634, "price": 6681021.0, "quantity": 0.03, "taker_side": "sell", "timestamp": "1618030803.629835"}
{"created_at": 1618030803, "id": 418077635, "price": 6683060.0, "quantity": 0.002, "taker_side": "buy", "timestamp": "1618030803.915664"}
{"created_at": 1618030803, "id": 418077636, "price": 6681021.0, "quantity": 0.0002, "taker_side": "sell", "timestamp": "1618030803.9300401"}
{"created_at": 1618030804, "id": 418077637, "price": 6681225.0, "quantity": 0.002, "taker_side": "sell", "timestamp": "1618030804.433558"}
{"created_at": 1618030805, "id": 418077638, "price": 6681225.0, "quantity": 0.0002, "taker_side": "sell", "timestamp": "1618030805.315606"}
{"created_at": 1618030806, "id": 418077639, "price": 6683239.0, "quantity": 0.02, "taker_side": "buy", "timestamp": "1618030806.121292"}
{"created_at": 1618030806, "id": 418077641, "price": 6683749.0, "quantity": 0.0002, "taker_side": "buy", "timestamp": "1618030806.121554"}
{"created_at": 1618030806, "id": 418077643, "price": 6683998.0, "quantity": 0.2, "taker_side": "buy", "timestamp": "1618030806.121781"}
{"created_at": 1618030806, "id": 418077642, "price": 6683978.0, "quantity": 0.1542, "taker_side": "buy", "timestamp": "1618030806.12166"}
{"created_at": 1618030806, "id": 418077640, "price": 6683616.0, "quantity": 0.0926, "taker_side": "buy", "timestamp": "1618030806.1214359"}
{"created_at": 1618030806, "id": 418077644, "price": 6684999.0, "quantity": 0.0002, "taker_side": "buy", "timestamp": "1618030806.190031"}
{"created_at": 1618030806, "id": 418077645, "price": 6685000.0, "quantity": 0.004, "taker_side": "buy", "timestamp": "1618030806.190099"}
{"created_at": 1618030806, "id": 418077646, "price": 6685684.0, "quantity": 0.0058, "taker_side": "buy", "timestamp": "1618030806.190162"}
{"created_at": 1618030807, "id": 418077647, "price": 6685683.0, "quantity": 0.08, "taker_side": "buy", "timestamp": "1618030807.157262"}
{"created_at": 1618030807, "id": 418077648, "price": 6682417.0, "quantity": 0.002, "taker_side": "sell", "timestamp": "1618030807.263276"}
{"created_at": 1618030808, "id": 418077649, "price": 6682423.0, "quantity": 0.004, "taker_side": "sell", "timestamp": "1618030808.072361"}
{"created_at": 1618030808, "id": 418077650, "price": 6682424.0, "quantity": 0.002, "taker_side": "sell", "timestamp": "1618030808.682975"}
{"created_at": 1618030808, "id": 418077651, "price": 6685355.0, "quantity": 0.002, "taker_side": "buy", "timestamp": "1618030808.9160519"}
{"created_at": 1618030809, "id": 418077653, "price": 6682424.0, "quantity": 0.02, "taker_side": "sell", "timestamp": "1618030809.0131662"}
{"created_at": 1618030809, "id": 418077654, "price": 6682814.0, "quantity": 0.0004, "taker_side": "sell", "timestamp": "1618030809.907284"}
{"created_at": 1618030810, "id": 418077656, "price": 6685683.0, "quantity": 0.002, "taker_side": "buy", "timestamp": "1618030810.5019898"}
{"created_at": 1618030811, "id": 418077657, "price": 6683453.0, "quantity": 0.002, "taker_side": "sell", "timestamp": "1618030811.266167"}
{"created_at": 1618030811, "id": 418077659, "price": 6683677.0, "quantity": 0.02, "taker_side": "sell", "timestamp": "1618030811.686603"}
{"created_at": 1618030811, "id": 418077660, "price": 6683677.0, "quantity": 0.02, "taker_side": "sell", "timestamp": "1618030811.7831612"}
{"created_at": 1618030811, "id": 418077661, "price": 6683453.0, "quantity": 0.002, "taker_side": "sell", "timestamp": "1618030811.7832441"}
{"created_at": 1618030811, "id": 418077662, "price": 6682821.0, "quantity": 0.03533652, "taker_side": "sell", "timestamp": "1618030811.783301"}
{"created_at": 1618030811, "id": 418077663, "price": 6682816.0, "quantity": 0.0132, "taker_side": "sell", "timestamp": "1618030811.783356"}
{"created_at": 1618030811, "id": 418077664, "price": 6682815.0, "quantity": 0.02946348, "taker_side": "sell", "timestamp": "1618030811.783417"}
{"created_at": 1618030811, "id": 418077668, "price": 6682815.0, "quantity": 0.01426768, "taker_side": "sell", "timestamp": "1618030811.988748"}
{"created_at": 1618030811, "id": 418077669, "price": 6682814.0, "quantity": 0.0016, "taker_side": "sell", "timestamp": "1618030811.9888792"}
{"created_at": 1618030811, "id": 418077671, "price": 6682281.0, "quantity": 0.01, "taker_side": "sell", "timestamp": "1618030811.989146"}
{"created_at": 1618030811, "id": 418077670, "price": 6682433.0, "quantity": 0.018, "taker_side": "sell", "timestamp": "1618030811.989022"}
{"created_at": 1618030811, "id": 418077672, "price": 6682256.0, "quantity": 0.004, "taker_side": "sell", "timestamp": "1618030811.989263"}
{"created_at": 1618030811, "id": 418077674, "price": 6682054.0, "quantity": 0.11213232, "taker_side": "sell", "timestamp": "1618030811.989516"}
{"created_at": 1618030811, "id": 418077673, "price": 6682145.0, "quantity": 0.04, "taker_side": "sell", "timestamp": "1618030811.9893901"}
{"created_at": 1618030812, "id": 418077680, "price": 6683128.0, "quantity": 0.01, "taker_side": "sell", "timestamp": "1618030812.626952"}
{"created_at": 1618030813, "id": 418077681, "price": 6683128.0, "quantity": 0.009, "taker_side": "sell", "timestamp": "1618030813.628809"}
{"created_at": 1618030814, "id": 418077684, "price": 6683128.0, "quantity": 0.001, "taker_side": "sell", "timestamp": "1618030814.4129012"}
{"created_at": 1618030814, "id": 418077685, "price": 6682788.0, "quantity": 0.0044, "taker_side": "sell", "timestamp": "1618030814.4129632"}
{"created_at": 1618030814, "id": 418077686, "price": 6682787.0, "quantity": 0.0146, "taker_side": "sell", "timestamp": "1618030814.4130208"}
{"created_at": 1618030814, "id": 418077687, "price": 6682787.0, "quantity": 0.0004, "taker_side": "sell", "timestamp": "1618030814.442326"}
{"created_at": 1618030814, "id": 418077688, "price": 6682787.0, "quantity": 0.003, "taker_side": "sell", "timestamp": "1618030814.5807612"}
{"created_at": 1618030816, "id": 418077690, "price": 6682866.0, "quantity": 0.1522, "taker_side": "sell", "timestamp": "1618030816.101653"}
{"created_at": 1618030816, "id": 418077692, "price": 6682298.0, "quantity": 0.04996344, "taker_side": "sell", "timestamp": "1618030816.101941"}
{"created_at": 1618030816, "id": 418077691, "price": 6682788.0, "quantity": 0.0088, "taker_side": "sell", "timestamp": "1618030816.10181"}
{"created_at": 1618030818, "id": 418077693, "price": 6683397.0, "quantity": 0.0802, "taker_side": "buy", "timestamp": "1618030818.006836"}
{"created_at": 1618030818, "id": 418077694, "price": 6681812.0, "quantity": 0.004, "taker_side": "sell", "timestamp": "1618030818.067161"}
{"created_at": 1618030818, "id": 418077695, "price": 6681055.0, "quantity": 0.006, "taker_side": "sell", "timestamp": "1618030818.067242"}
{"created_at": 1618030818, "id": 418077700, "price": 6682322.0, "quantity": 0.006, "taker_side": "buy", "timestamp": "1618030818.673513"}
{"created_at": 1618030818, "id": 418077701, "price": 6682463.0, "quantity": 0.02, "taker_side": "buy", "timestamp": "1618030818.673725"}
{"created_at": 1618030818, "id": 418077702, "price": 6683396.0, "quantity": 0.02, "taker_side": "buy", "timestamp": "1618030818.6739461"}
{"created_at": 1618030818, "id": 418077703, "price": 6683397.0, "quantity": 0.0168, "taker_side": "buy", "timestamp": "1618030818.674148"}
{"created_at": 1618030818, "id": 418077704, "price": 6683429.0, "quantity": 0.1568, "taker_side": "buy", "timestamp": "1618030818.674363"}
{"created_at": 1618030818, "id": 418077705, "price": 6683559.0, "quantity": 0.0804, "taker_side": "buy", "timestamp": "1618030818.6745532"}
{"created_at": 1618030819, "id": 418077707, "price": 6682321.0, "quantity": 0.03, "taker_side": "buy", "timestamp": "1618030819.105464"}
{"created_at": 1618030819, "id": 418077708, "price": 6681251.0, "quantity": 0.0002, "taker_side": "sell", "timestamp": "1618030819.136162"}
{"created_at": 1618030819, "id": 418077709, "price": 6680558.0, "quantity": 0.0002, "taker_side": "sell", "timestamp": "1618030819.136222"}
{"created_at": 1618030820, "id": 418077710, "price": 6682125.0, "quantity": 0.0002, "taker_side": "buy", "timestamp": "1618030820.113107"}
{"created_at": 1618030820, "id": 418077711, "price": 6682311.0, "quantity": 0.008, "taker_side": "buy", "timestamp": "1618030820.316556"}
{"created_at": 1618030820, "id": 418077713, "price": 6682321.0, "quantity": 0.006, "taker_side": "buy", "timestamp": "1618030820.569002"}
{"created_at": 1618030821, "id": 418077716, "price": 6682321.0, "quantity": 0.04, "taker_side": "buy", "timestamp": "1618030821.192833"}
{"created_at": 1618030822, "id": 418077717, "price": 6682321.0, "quantity": 0.03, "taker_side": "buy", "timestamp": "1618030822.0500748"}
{"created_at": 1618030823, "id": 418077718, "price": 6682321.0, "quantity": 0.008, "taker_side": "buy", "timestamp": "1618030823.1454809"}
{"created_at": 1618030823, "id": 418077719, "price": 6682321.0, "quantity": 0.08, "taker_side": "buy", "timestamp": "1618030823.267879"}
{"created_at": 1618030823, "id": 418077720, "price": 6682321.0, "quantity": 0.006, "taker_side": "buy", "timestamp": "1618030823.791928"}
{"created_at": 1618030823, "id": 418077721, "price": 6683656.0, "quantity": 0.004, "taker_side": "buy", "timestamp": "1618030823.791988"}
{"created_at": 1618030823, "id": 418077722, "price": 6681742.0, "quantity": 0.0002, "taker_side": "sell", "timestamp": "1618030823.8034189"}
{"created_at": 1618030824, "id": 418077727, "price": 6685154.0, "quantity": 0.002, "taker_side": "buy", "timestamp": "1618030824.067793"}
{"created_at": 1618030825, "id": 418077728, "price": 6683380.0, "quantity": 0.03, "taker_side": "buy", "timestamp": "1618030825.546623"}
{"created_at": 1618030826, "id": 418077732, "price": 6682135.0, "quantity": 0.02, "taker_side": "sell", "timestamp": "1618030826.3939269"}
{"created_at": 1618030828, "id": 418077734, "price": 6682499.0, "quantity": 0.0002, "taker_side": "buy", "timestamp": "1618030828.811986"}
{"created_at": 1618030828, "id": 418077735, "price": 6682525.0, "quantity": 0.0102, "taker_side": "sell", "timestamp": "1618030828.859324"}
{"created_at": 1618030829, "id": 418077741, "price": 6683164.0, "quantity": 0.002, "taker_side": "buy", "timestamp": "1618030829.527443"}
{"created_at": 1618030830, "id": 418077746, "price": 6682679.0, "quantity": 0.006, "taker_side": "sell", "timestamp": "1618030830.96799"}
{"created_at": 1618030830, "id": 418077747, "price": 6682597.0, "quantity": 0.034, "taker_side": "sell", "timestamp": "1618030830.968056"}
{"created_at": 1618030831, "id": 418077750, "price": 6682597.0, "quantity": 0.03662444, "taker_side": "sell", "timestamp": "1618030831.625983"}
{"created_at": 1618030831, "id": 418077751, "price": 6682596.0, "quantity": 0.00337556, "taker_side": "sell", "timestamp": "1618030831.626108"}
{"created_at": 1618030832, "id": 418077753, "price": 6683749.0, "quantity": 0.0002, "taker_side": "buy", "timestamp": "1618030832.471159"}
{"created_at": 1618030832, "id": 418077754, "price": 6685685.0, "quantity": 0.0002, "taker_side": "buy", "timestamp": "1618030832.471285"}
{"created_at": 1618030832, "id": 418077755, "price": 6685685.0, "quantity": 0.0068, "taker_side": "buy", "timestamp": "1618030832.471338"}
{"created_at": 1618030832, "id": 418077756, "price": 6686249.0, "quantity": 0.0002, "taker_side": "buy", "timestamp": "1618030832.4713972"}
{"created_at": 1618030832, "id": 418077757, "price": 6686290.0, "quantity": 0.001, "taker_side": "buy", "timestamp": "1618030832.471452"}
{"created_at": 1618030832, "id": 418077758, "price": 6686630.0, "quantity": 0.0096, "taker_side": "buy", "timestamp": "1618030832.471504"}
{"created_at": 1618030833, "id": 418077765, "price": 6683205.0, "quantity": 0.06, "taker_side": "sell", "timestamp": "1618030833.230787"}
{"created_at": 1618030833, "id": 418077766, "price": 6683201.0, "quantity": 0.0352, "taker_side": "sell", "timestamp": "1618030833.2308512"}
{"created_at": 1618030833, "id": 418077767, "price": 6683200.0, "quantity": 0.097, "taker_side": "sell", "timestamp": "1618030833.230904"}
{"created_at": 1618030833, "id": 418077768, "price": 6682870.0, "quantity": 0.0078, "taker_side": "sell", "timestamp": "1618030833.230967"}
{"created_at": 1618030833, "id": 418077772, "price": 6685214.0, "quantity": 0.02, "taker_side": "sell", "timestamp": "1618030833.908499"}
{"created_at": 1618030834, "id": 418077774, "price": 6686251.0, "quantity": 0.01059476, "taker_side": "sell", "timestamp": "1618030834.8528051"}
{"created_at": 1618030835, "id": 418077775, "price": 6686251.0, "quantity": 0.08440524, "taker_side": "sell", "timestamp": "1618030835.780295"}
{"created_at": 1618030835, "id": 418077776, "price": 6685220.0, "quantity": 0.03534502, "taker_side": "sell", "timestamp": "1618030835.780422"}
{"created_at": 1618030835, "id": 418077777, "price": 6685160.0, "quantity": 0.04, "taker_side": "sell", "timestamp": "1618030835.780542"}
{"created_at": 1618030835, "id": 418077778, "price": 6683541.0, "quantity": 0.002, "taker_side": "sell", "timestamp": "1618030835.7806568"}
{"created_at": 1618030835, "id": 418077779, "price": 6683257.0, "quantity": 0.03824974, "taker_side": "sell", "timestamp": "1618030835.780771"}
{"created_at": 1618030836, "id": 418077782, "price": 6687100.0, "quantity": 0.002, "taker_side": "buy", "timestamp": "1618030836.1457431"}
{"created_at": 1618030837, "id": 418077789, "price": 6687493.0, "quantity": 0.06, "taker_side": "buy", "timestamp": "1618030837.759684"}
{"created_at": 1618030837, "id": 418077790, "price": 6687498.0, "quantity": 0.02740022, "taker_side": "buy", "timestamp": "1618030837.7597451"}
{"created_at": 1618030838, "id": 418077792, "price": 6687138.0, "quantity": 0.01, "taker_side": "sell", "timestamp": "1618030838.967865"}
{"created_at": 1618030839, "id": 418077797, "price": 6687138.0, "quantity": 0.002, "taker_side": "sell", "timestamp": "1618030839.34268"}
{"created_at": 1618030839, "id": 418077798, "price": 6687138.0, "quantity": 0.002, "taker_side": "sell", "timestamp": "1618030839.626208"}
{"created_at": 1618030839, "id": 418077799, "price": 6687138.0, "quantity": 0.002, "taker_side": "sell", "timestamp": "1618030839.814964"}
{"created_at": 1618030840, "id": 418077801, "price": 6687410.0, "quantity": 0.0002, "taker_side": "sell", "timestamp": "1618030840.5117881"}
{"created_at": 1618030840, "id": 418077802, "price": 6687400.0, "quantity": 0.002, "taker_side": "sell", "timestamp": "1618030840.917307"}
{"created_at": 1618030840, "id": 418077803, "price": 6687400.0, "quantity": 0.002, "taker_side": "sell", "timestamp": "1618030840.963826"}
{"created_at": 1618030840, "id": 418077804, "price": 6687400.0, "quantity": 0.002, "taker_side": "sell", "timestamp": "1618030840.9967349"}
{"created_at": 1618030840, "id": 418077805, "price": 6687138.0, "quantity": 0.004, "taker_side": "sell", "timestamp": "1618030840.996862"}
{"created_at": 1618030840, "id": 418077806, "price": 6686111.0, "quantity": 0.00339228, "taker_side": "sell", "timestamp": "1618030840.997011"}
{"created_at": 1618030842, "id": 418077807, "price": 6687359.0, "quantity": 0.006, "taker_side": "buy", "timestamp": "1618030842.219776"}
{"created_at": 1618030842, "id": 418077808, "price": 6687498.0, "quantity": 0.074, "taker_side": "buy", "timestamp": "1618030842.2199051"}
{"created_at": 1618030842, "id": 418077809, "price": 6686118.0, "quantity": 0.002, "taker_side": "sell", "timestamp": "1618030842.30625"}
{"created_at": 1618030842, "id": 418077810, "price": 6686118.0, "quantity": 0.02, "taker_side": "sell", "timestamp": "1618030842.6986"}
{"created_at": 1618030842, "id": 418077813, "price": 6687498.0, "quantity": 0.09859978, "taker_side": "buy", "timestamp": "1618030842.910769"}
{"created_at": 1618030842, "id": 418077814, "price": 6687499.0, "quantity": 0.0002, "taker_side": "buy", "timestamp": "1618030842.910829"}
{"created_at": 1618030842, "id": 418077815, "price": 6687935.0, "quantity": 0.00190644, "taker_side": "buy", "timestamp": "1618030842.9108841"}
{"created_at": 1618030842, "id": 418077816, "price": 6688381.0, "quantity": 0.004, "taker_side": "buy", "timestamp": "1618030842.910937"}
{"created_at": 1618030842, "id": 418077818, "price": 6688937.0, "quantity": 0.09509378, "taker_side": "buy", "timestamp": "1618030842.9110742"}
{"created_at": 1618030842, "id": 418077817, "price": 6688749.0, "quantity": 0.0002, "taker_side": "buy", "timestamp": "1618030842.91102"}
{"created_at": 1618030844, "id": 418077821, "price": 6688983.0, "quantity": 0.0008, "taker_side": "buy", "timestamp": "1618030844.5347998"}
{"created_at": 1618030844, "id": 418077822, "price": 6689000.0, "quantity": 0.0012, "taker_side": "buy", "timestamp": "1618030844.53487"}
{"created_at": 1618030844, "id": 418077824, "price": 6689000.0, "quantity": 0.0028, "taker_side": "buy", "timestamp": "1618030844.794946"}
{"created_at": 1618030844, "id": 418077826, "price": 6690000.0, "quantity": 0.01, "taker_side": "buy", "timestamp": "1618030844.795063"}
{"created_at": 1618030844, "id": 418077825, "price": 6689999.0, "quantity": 0.0002, "taker_side": "buy", "timestamp": "1618030844.795007"}
{"created_at": 1618030844, "id": 418077827, "price": 6690000.0, "quantity": 0.007, "taker_side": "buy", "timestamp": "1618030844.795114"}
{"created_at": 1618030844, "id": 418077829, "price": 6690000.0, "quantity": 0.001, "taker_side": "buy", "timestamp": "1618030844.819086"}
{"created_at": 1618030844, "id": 418077828, "price": 6690000.0, "quantity": 0.013, "taker_side": "buy", "timestamp": "1618030844.8190029"}
{"created_at": 1618030845, "id": 418077830, "price": 6687021.0, "quantity": 0.0002, "taker_side": "sell", "timestamp": "1618030845.165819"}
{"created_at": 1618030845, "id": 418077831, "price": 6690000.0, "quantity": 0.019, "taker_side": "buy", "timestamp": "1618030845.241728"}
{"created_at": 1618030845, "id": 418077832, "price": 6690296.0, "quantity": 0.00138, "taker_side": "buy", "timestamp": "1618030845.37936"}
{"created_at": 1618030845, "id": 418077833, "price": 6691247.0, "quantity": 0.00062, "taker_side": "buy", "timestamp": "1618030845.379426"}
{"created_at": 1618030846, "id": 418077836, "price": 6690134.0, "quantity": 0.004, "taker_side": "sell", "timestamp": "1618030846.229729"}
{"created_at": 1618030847, "id": 418077838, "price": 6690010.0, "quantity": 0.01005514, "taker_side": "sell", "timestamp": "1618030847.317146"}
{"created_at": 1618030847, "id": 418077839, "price": 6691123.0, "quantity": 0.0002, "taker_side": "buy", "timestamp": "1618030847.385348"}
{"created_at": 1618030847, "id": 418077841, "price": 6691011.0, "quantity": 0.002, "taker_side": "buy", "timestamp": "1618030847.738821"}
{"created_at": 1618030849, "id": 418077843, "price": 6690135.0, "quantity": 0.0004, "taker_side": "sell", "timestamp": "1618030849.7284322"}
{"created_at": 1618030851, "id": 418077846, "price": 6690182.0, "quantity": 0.004, "taker_side": "sell", "timestamp": "1618030851.506241"}
{"created_at": 1618030851, "id": 418077849, "price": 6690182.0, "quantity": 0.002, "taker_side": "sell", "timestamp": "1618030851.6124082"}
{"created_at": 1618030851, "id": 418077850, "price": 6690010.0, "quantity": 0.002, "taker_side": "sell", "timestamp": "1618030851.89115"}
{"created_at": 1618030852, "id": 418077852, "price": 6690011.0, "quantity": 0.0036, "taker_side": "sell", "timestamp": "1618030852.362108"}
{"created_at": 1618030853, "id": 418077854, "price": 6690011.0, "quantity": 0.002, "taker_side": "sell", "timestamp": "1618030853.054359"}
{"created_at": 1618030853, "id": 418077855, "price": 6691249.0, "quantity": 0.0002, "taker_side": "buy", "timestamp": "1618030853.1397388"}
{"created_at": 1618030853, "id": 418077856, "price": 6692275.0, "quantity": 0.0018, "taker_side": "buy", "timestamp": "1618030853.1398"}
{"created_at": 1618030853, "id": 418077857, "price": 6692499.0, "quantity": 0.0002, "taker_side": "buy", "timestamp": "1618030853.193344"}
{"created_at": 1618030853, "id": 418077858, "price": 6692947.0, "quantity": 0.0018, "taker_side": "buy", "timestamp": "1618030853.193405"}
{"created_at": 1618030853, "id": 418077859, "price": 6692911.0, "quantity": 0.0019039, "taker_side": "buy", "timestamp": "1618030853.9406478"}
{"created_at": 1618030854, "id": 418077861, "price": 6690012.0, "quantity": 0.0022, "taker_side": "sell", "timestamp": "1618030854.265185"}
{"created_at": 1618030854, "id": 418077863, "price": 6689734.0, "quantity": 0.06885514, "taker_side": "sell", "timestamp": "1618030854.265457"}
{"created_at": 1618030854, "id": 418077864, "price": 6689734.0, "quantity": 0.0004, "taker_side": "sell", "timestamp": "1618030854.3326468"}
{"created_at": 1618030854, "id": 418077869, "price": 6690094.0, "quantity": 0.004, "taker_side": "sell", "timestamp": "1618030854.6067321"}
{"created_at": 1618030856, "id": 418077873, "price": 6692270.0, "quantity": 0.002, "taker_side": "buy", "timestamp": "1618030856.5070999"}
{"created_at": 1618030856, "id": 418077874, "price": 6689741.0, "quantity": 0.004, "taker_side": "sell", "timestamp": "1618030856.776212"}
{"created_at": 1618030856, "id": 418077875, "price": 6689737.0, "quantity": 0.0022, "taker_side": "sell", "timestamp": "1618030856.8061912"}
{"created_at": 1618030856, "id": 418077876, "price": 6689736.0, "quantity": 0.0378, "taker_side": "sell", "timestamp": "1618030856.806252"}
{"created_at": 1618030856, "id": 418077878, "price": 6689736.0, "quantity": 0.04, "taker_side": "sell", "timestamp": "1618030856.864836"}
{"created_at": 1618030859, "id": 418077880, "price": 6688751.0, "quantity": 0.0002, "taker_side": "sell", "timestamp": "1618030859.39261"}
{"created_at": 1618030859, "id": 418077881, "price": 6688648.0, "quantity": 0.0002, "taker_side": "sell", "timestamp": "1618030859.3926709"}
{"created_at": 1618030860, "id": 418077883, "price": 6691667.0, "quantity": 0.002, "taker_side": "buy", "timestamp": "1618030860.1300118"}
{"created_at": 1618030861, "id": 418077884, "price": 6692027.0, "quantity": 0.02004054, "taker_side": "buy", "timestamp": "1618030861.430215"}
{"created_at": 1618030862, "id": 418077891, "price": 6691638.0, "quantity": 0.00317556, "taker_side": "buy", "timestamp": "1618030862.609232"}
{"created_at": 1618030862, "id": 418077892, "price": 6691815.0, "quantity": 0.004, "taker_side": "buy", "timestamp": "1618030862.609372"}
{"created_at": 1618030862, "id": 418077893, "price": 6692027.0, "quantity": 0.01285444, "taker_side": "buy", "timestamp": "1618030862.609484"}
{"created_at": 1618030863, "id": 418077901, "price": 6692027.0, "quantity": 0.00980112, "taker_side": "buy", "timestamp": "1618030863.397553"}
{"created_at": 1618030863, "id": 418077902, "price": 6692270.0, "quantity": 0.01019888, "taker_side": "buy", "timestamp": "1618030863.397624"}
{"created_at": 1618030864, "id": 418077904, "price": 6691918.0, "quantity": 0.02, "taker_side": "buy", "timestamp": "1618030864.282825"}
{"created_at": 1618030864, "id": 418077907, "price": 6690013.0, "quantity": 0.0018, "taker_side": "sell", "timestamp": "1618030864.4744132"}
{"created_at": 1618030864, "id": 418077906, "price": 6691251.0, "quantity": 0.0002, "taker_side": "sell", "timestamp": "1618030864.474275"}
{"created_at": 1618030864, "id": 418077908, "price": 6692270.0, "quantity": 0.02980112, "taker_side": "buy", "timestamp": "1618030864.527791"}
{"created_at": 1618030864, "id": 418077909, "price": 6692280.0, "quantity": 0.008, "taker_side": "sell", "timestamp": "1618030864.679403"}
{"created_at": 1618030864, "id": 418077910, "price": 6692280.0, "quantity": 0.04219888, "taker_side": "sell", "timestamp": "1618030864.7032309"}
{"created_at": 1618030864, "id": 418077911, "price": 6690022.0, "quantity": 0.0004, "taker_side": "sell", "timestamp": "1618030864.8598258"}
{"created_at": 1618030865, "id": 418077913, "price": 6692690.0, "quantity": 0.004, "taker_side": "buy", "timestamp": "1618030865.223707"}
{"created_at": 1618030867, "id": 418077915, "price": 6693039.0, "quantity": 0.0016, "taker_side": "sell", "timestamp": "1618030867.406129"}
{"created_at": 1618030867, "id": 418077916, "price": 6692280.0, "quantity": 0.01836848, "taker_side": "sell", "timestamp": "1618030867.406204"}
{"created_at": 1618030868, "id": 418077918, "price": 6692280.0, "quantity": 0.02163152, "taker_side": "sell", "timestamp": "1618030868.912256"}
{"created_at": 1618030868, "id": 418077919, "price": 6690938.0, "quantity": 0.004, "taker_side": "sell", "timestamp": "1618030868.912402"}
{"created_at": 1618030868, "id": 418077920, "price": 6690173.0, "quantity": 0.00436848, "taker_side": "sell", "timestamp": "1618030868.912531"}
{"created_at": 1618030869, "id": 418077923, "price": 6690174.0, "quantity": 0.16, "taker_side": "sell", "timestamp": "1618030869.196542"}
{"created_at": 1618030869, "id": 418077928, "price": 6690178.0, "quantity": 0.0008, "taker_side": "sell", "timestamp": "1618030869.5504918"}
{"created_at": 1618030871, "id": 418077929, "price": 6692499.0, "quantity": 0.0002, "taker_side": "buy", "timestamp": "1618030871.396052"}
{"created_at": 1618030871, "id": 418077931, "price": 6693586.0, "quantity": 0.0008, "taker_side": "buy", "timestamp": "1618030871.39617"}
{"created_at": 1618030871, "id": 418077930, "price": 6693235.0, "quantity": 0.001, "taker_side": "buy", "timestamp": "1618030871.396113"}
{"created_at": 1618030871, "id": 418077932, "price": 6691101.0, "quantity": 0.03519648, "taker_side": "sell", "timestamp": "1618030871.724991"}
{"created_at": 1618030872, "id": 418077933, "price": 6691102.0, "quantity": 0.0308, "taker_side": "sell", "timestamp": "1618030872.444264"}
{"created_at": 1618030872, "id": 418077934, "price": 6691101.0, "quantity": 0.0268, "taker_side": "sell", "timestamp": "1618030872.444436"}
{"created_at": 1618030874, "id": 418077936, "price": 6692412.0, "quantity": 0.0002, "taker_side": "sell", "timestamp": "1618030874.139353"}
{"created_at": 1618030874, "id": 418077937, "price": 6693586.0, "quantity": 0.00207356, "taker_side": "buy", "timestamp": "1618030874.3872662"}
{"created_at": 1618030874, "id": 418077941, "price": 6692413.0, "quantity": 0.03607356, "taker_side": "sell", "timestamp": "1618030874.5252218"}
{"created_at": 1618030874, "id": 418077940, "price": 6693615.0, "quantity": 0.00392644, "taker_side": "sell", "timestamp": "1618030874.5251598"}
{"created_at": 1618030874, "id": 418077943, "price": 6692422.0, "quantity": 0.01, "taker_side": "sell", "timestamp": "1618030874.6693618"}
{"created_at": 1618030874, "id": 418077944, "price": 6692413.0, "quantity": 0.02, "taker_side": "sell", "timestamp": "1618030874.669492"}
{"created_at": 1618030874, "id": 418077945, "price": 6692419.0, "quantity": 0.03533344, "taker_side": "sell", "timestamp": "1618030874.774488"}
{"created_at": 1618030874, "id": 418077946, "price": 6692409.0, "quantity": 0.1180313, "taker_side": "sell", "timestamp": "1618030874.7746198"}
{"created_at": 1618030874, "id": 418077947, "price": 6692354.0, "quantity": 0.14663526, "taker_side": "sell", "timestamp": "1618030874.774762"}
{"created_at": 1618030875, "id": 418077948, "price": 6693749.0, "quantity": 0.0002, "taker_side": "buy", "timestamp": "1618030875.191038"}
{"created_at": 1618030875, "id": 418077950, "price": 6694840.0, "quantity": 0.0380578, "taker_side": "buy", "timestamp": "1618030875.191282"}
{"created_at": 1618030875, "id": 418077949, "price": 6694840.0, "quantity": 0.0017422, "taker_side": "buy", "timestamp": "1618030875.1911511"}
{"created_at": 1618030875, "id": 418077951, "price": 6693085.0, "quantity": 0.0044, "taker_side": "sell", "timestamp": "1618030875.6088839"}
{"created_at": 1618030875, "id": 418077952, "price": 6692757.0, "quantity": 0.0156, "taker_side": "sell", "timestamp": "1618030875.609028"}
{"created_at": 1618030876, "id": 418077954, "price": 6693471.0, "quantity": 0.0178, "taker_side": "sell", "timestamp": "1618030876.023201"}
{"created_at": 1618030876, "id": 418077953, "price": 6693472.0, "quantity": 0.0022, "taker_side": "sell", "timestamp": "1618030876.0231209"}
{"created_at": 1618030876, "id": 418077955, "price": 6693712.0, "quantity": 0.002, "taker_side": "sell", "timestamp": "1618030876.3301399"}
{"created_at": 1618030876, "id": 418077956, "price": 6694999.0, "quantity": 0.0002, "taker_side": "buy", "timestamp": "1618030876.604573"}
{"created_at": 1618030876, "id": 418077957, "price": 6695000.0, "quantity": 0.0018, "taker_side": "buy", "timestamp": "1618030876.604636"}
{"created_at": 1618030876, "id": 418077958, "price": 6693840.0, "quantity": 0.04, "taker_side": "sell", "timestamp": "1618030876.663242"}
{"created_at": 1618030876, "id": 418077959, "price": 6693711.0, "quantity": 0.0629897, "taker_side": "sell", "timestamp": "1618030876.663312"}
{"created_at": 1618030877, "id": 418077960, "price": 6693712.0, "quantity": 0.002, "taker_side": "sell", "timestamp": "1618030877.232797"}
{"created_at": 1618030877, "id": 418077961, "price": 6694871.0, "quantity": 0.02, "taker_side": "buy", "timestamp": "1618030877.26429"}
{"created_at": 1618030877, "id": 418077965, "price": 6693068.0, "quantity": 0.00124742, "taker_side": "sell", "timestamp": "1618030877.4057531"}
{"created_at": 1618030877, "id": 418077964, "price": 6693069.0, "quantity": 0.0088, "taker_side": "sell", "timestamp": "1618030877.4056928"}
{"created_at": 1618030877, "id": 418077966, "price": 6693070.0, "quantity": 0.0006, "taker_side": "sell", "timestamp": "1618030877.936543"}
{"created_at": 1618030878, "id": 418077968, "price": 6694806.0, "quantity": 0.002, "taker_side": "buy", "timestamp": "1618030878.286774"}
{"created_at": 1618030878, "id": 418077969, "price": 6693070.0, "quantity": 0.0194, "taker_side": "sell", "timestamp": "1618030878.582931"}
{"created_at": 1618030878, "id": 418077970, "price": 6692417.0, "quantity": 0.0022, "taker_side": "sell", "timestamp": "1618030878.582994"}
{"created_at": 1618030878, "id": 418077971, "price": 6692416.0, "quantity": 0.02037112, "taker_side": "sell", "timestamp": "1618030878.5830579"}
{"created_at": 1618030878, "id": 418077972, "price": 6693071.0, "quantity": 0.0004, "taker_side": "sell", "timestamp": "1618030878.6492312"}
{"created_at": 1618030879, "id": 418077975, "price": 6695000.0, "quantity": 0.002, "taker_side": "buy", "timestamp": "1618030879.2066848"}
{"created_at": 1618030879, "id": 418077983, "price": 6692997.0, "quantity": 0.402, "taker_side": "sell", "timestamp": "1618030879.732609"}
{"created_at": 1618030879, "id": 418077987, "price": 6692997.0, "quantity": 0.00043288, "taker_side": "sell", "timestamp": "1618030879.8044622"}
{"created_at": 1618030879, "id": 418077989, "price": 6692773.0, "quantity": 0.0066, "taker_side": "sell", "timestamp": "1618030879.804704"}
{"created_at": 1618030879, "id": 418077988, "price": 6692996.0, "quantity": 0.002, "taker_side": "sell", "timestamp": "1618030879.804584"}
{"created_at": 1618030879, "id": 418077990, "price": 6692725.0, "quantity": 0.00096712, "taker_side": "sell", "timestamp": "1618030879.804822"}
{"created_at": 1618030879, "id": 418077994, "price": 6692725.0, "quantity": 0.01903288, "taker_side": "sell", "timestamp": "1618030879.9939442"}
{"created_at": 1618030879, "id": 418077995, "price": 6692429.0, "quantity": 0.01907592, "taker_side": "sell", "timestamp": "1618030879.994006"}
{"created_at": 1618030879, "id": 418077996, "price": 6692424.0, "quantity": 0.019061, "taker_side": "sell", "timestamp": "1618030879.9940622"}
{"created_at": 1618030879, "id": 418077997, "price": 6692416.0, "quantity": 0.0438201, "taker_side": "sell", "timestamp": "1618030879.994116"}
{"created_at": 1618030880, "id": 418077998, "price": 6692416.0, "quantity": 0.038, "taker_side": "sell", "timestamp": "1618030880.030415"}
{"created_at": 1618030880, "id": 418078000, "price": 6693071.0, "quantity": 0.004, "taker_side": "sell", "timestamp": "1618030880.703259"}
{"created_at": 1618030881, "id": 418078006, "price": 6695000.0, "quantity": 0.0022, "taker_side": "buy", "timestamp": "1618030881.7112231"}
{"created_at": 1618030881, "id": 418078007, "price": 6695000.0, "quantity": 0.0002, "taker_side": "buy", "timestamp": "1618030881.71128"}
{"created_at": 1618030881, "id": 418078008, "price": 6696249.0, "quantity": 0.0002, "taker_side": "buy", "timestamp": "1618030881.711356"}
{"created_at": 1618030881, "id": 418078009, "price": 6696509.0, "quantity": 0.01, "taker_side": "buy", "timestamp": "1618030881.7114089"}
{"created_at": 1618030881, "id": 418078010, "price": 6697020.0, "quantity": 0.0074, "taker_side": "buy", "timestamp": "1618030881.711463"}
{"created_at": 1618030882, "id": 418078016, "price": 6694062.0, "quantity": 0.004, "taker_side": "buy", "timestamp": "1618030882.826668"}
{"created_at": 1618030882, "id": 418078017, "price": 6695469.0, "quantity": 0.102, "taker_side": "buy", "timestamp": "1618030882.8629272"}
{"created_at": 1618030882, "id": 418078018, "price": 6694372.0, "quantity": 0.002, "taker_side": "buy", "timestamp": "1618030882.927119"}
{"created_at": 1618030883, "id": 418078019, "price": 6694752.0, "quantity": 0.0576, "taker_side": "buy", "timestamp": "1618030883.135697"}
{"created_at": 1618030883, "id": 418078022, "price": 6693974.0, "quantity": 0.0004, "taker_side": "sell", "timestamp": "1618030883.150207"}
{"created_at": 1618030884, "id": 418078052, "price": 6694643.0, "quantity": 0.0064, "taker_side": "buy", "timestamp": "1618030884.1454248"}
{"created_at": 1618030884, "id": 418078056, "price": 6695484.0, "quantity": 0.101, "taker_side": "buy", "timestamp": "1618030884.227117"}
{"created_at": 1618030884, "id": 418078058, "price": 6696715.0, "quantity": 0.02, "taker_side": "buy", "timestamp": "1618030884.266718"}
{"created_at": 1618030884, "id": 418078059, "price": 6696715.0, "quantity": 0.02003492, "taker_side": "buy", "timestamp": "1618030884.315379"}
{"created_at": 1618030885, "id": 418078083, "price": 6696440.0, "quantity": 0.08, "taker_side": "buy", "timestamp": "1618030885.080836"}
{"created_at": 1618030885, "id": 418078086, "price": 6696440.0, "quantity": 0.002, "taker_side": "buy", "timestamp": "1618030885.2134888"}
{"created_at": 1618030885, "id": 418078091, "price": 6693974.0, "quantity": 0.01, "taker_side": "sell", "timestamp": "1618030885.313272"}
{"created_at": 1618030885, "id": 418078101, "price": 6696194.0, "quantity": 0.02003538, "taker_side": "buy", "timestamp": "1618030885.817494"}
{"created_at": 1618030886, "id": 418078106, "price": 6696195.0, "quantity": 0.0007347, "taker_side": "buy", "timestamp": "1618030886.630916"}
{"created_at": 1618030886, "id": 418078107, "price": 6693994.0, "quantity": 0.01, "taker_side": "sell", "timestamp": "1618030886.729673"}
{"created_at": 1618030886, "id": 418078109, "price": 6693975.0, "quantity": 0.03796424, "taker_side": "sell", "timestamp": "1618030886.7299159"}
{"created_at": 1618030886, "id": 418078108, "price": 6693976.0, "quantity": 0.0198, "taker_side": "sell", "timestamp": "1618030886.7297962"}
{"created_at": 1618030886, "id": 418078110, "price": 6693974.0, "quantity": 0.0096, "taker_side": "sell", "timestamp": "1618030886.7300339"}
{"created_at": 1618030886, "id": 418078111, "price": 6693751.0, "quantity": 0.0002, "taker_side": "sell", "timestamp": "1618030886.73015"}
{"created_at": 1618030886, "id": 418078112, "price": 6693727.0, "quantity": 0.03533652, "taker_side": "sell", "timestamp": "1618030886.730301"}
{"created_at": 1618030886, "id": 418078114, "price": 6693427.0, "quantity": 0.002, "taker_side": "sell", "timestamp": "1618030886.730552"}
{"created_at": 1618030886, "id": 418078113, "price": 6693727.0, "quantity": 0.03534402, "taker_side": "sell", "timestamp": "1618030886.730423"}
{"created_at": 1618030886, "id": 418078115, "price": 6693424.0, "quantity": 0.01908356, "taker_side": "sell", "timestamp": "1618030886.730668"}
{"created_at": 1618030886, "id": 418078116, "price": 6693424.0, "quantity": 0.06, "taker_side": "sell", "timestamp": "1618030886.73078"}
{"created_at": 1618030886, "id": 418078119, "price": 6693409.0, "quantity": 0.32259234, "taker_side": "sell", "timestamp": "1618030886.7311502"}
{"created_at": 1618030886, "id": 418078118, "price": 6693410.0, "quantity": 0.0154, "taker_side": "sell", "timestamp": "1618030886.731035"}
{"created_at": 1618030886, "id": 418078117, "price": 6693419.0, "quantity": 0.01907592, "taker_side": "sell", "timestamp": "1618030886.730908"}
{"created_at": 1618030886, "id": 418078120, "price": 6693409.0, "quantity": 0.3463966, "taker_side": "sell", "timestamp": "1618030886.748801"}
{"created_at": 1618030886, "id": 418078121, "price": 6693409.0, "quantity": 0.004, "taker_side": "sell", "timestamp": "1618030886.753014"}
{"created_at": 1618030886, "id": 418078123, "price": 6693409.0, "quantity": 0.0458444, "taker_side": "sell", "timestamp": "1618030886.793528"}
{"created_at": 1618030886, "id": 418078122, "price": 6693409.0, "quantity": 0.21942864, "taker_side": "sell", "timestamp": "1618030886.762435"}
{"created_at": 1618030886, "id": 418078127, "price": 6693409.0, "quantity": 0.0198, "taker_side": "sell", "timestamp": "1618030886.99437"}
{"created_at": 1618030887, "id": 418078128, "price": 6695089.0, "quantity": 0.06, "taker_side": "buy", "timestamp": "1618030887.099464"}
{"created_at": 1618030887, "id": 418078129, "price": 6695089.0, "quantity": 0.0984, "taker_side": "buy", "timestamp": "1618030887.12655"}
{"created_at": 1618030887, "id": 418078130, "price": 6695625.0, "quantity": 0.0016, "taker_side": "buy", "timestamp": "1618030887.126608"}
{"created_at": 1618030887, "id": 418078133, "price": 6695084.0, "quantity": 0.02003938, "taker_side": "buy", "timestamp": "1618030887.4890912"}
{"created_at": 1618030887, "id": 418078136, "price": 6692501.0, "quantity": 0.0002, "taker_side": "sell", "timestamp": "1618030887.719118"}
{"created_at": 1618030888, "id": 418078137, "price": 6695001.0, "quantity": 0.0002, "taker_side": "buy", "timestamp": "1618030888.567245"}
{"created_at": 1618030888, "id": 418078141, "price": 6692345.0, "quantity": 0.0066, "taker_side": "sell", "timestamp": "1618030888.675394"}
{"created_at": 1618030888, "id": 418078142, "price": 6692344.0, "quantity": 0.3294, "taker_side": "sell", "timestamp": "1618030888.675456"}
{"created_at": 1618030889, "id": 418078147, "price": 6691832.0, "quantity": 0.02999994, "taker_side": "sell", "timestamp": "1618030889.8135319"}
{"created_at": 1618030889, "id": 418078145, "price": 6693125.0, "quantity": 0.002, "taker_side": "sell", "timestamp": "1618030889.8134"}
{"created_at": 1618030889, "id": 418078146, "price": 6691833.0, "quantity": 0.0044, "taker_side": "sell", "timestamp": "1618030889.813461"}
{"created_at": 1618030889, "id": 418078148, "price": 6691573.0, "quantity": 0.1009978, "taker_side": "sell", "timestamp": "1618030889.813598"}
{"created_at": 1618030891, "id": 418078152, "price": 6691351.0, "quantity": 0.002, "taker_side": "sell", "timestamp": "1618030891.5624142"}
{"created_at": 1618030891, "id": 418078153, "price": 6691346.0, "quantity": 0.008, "taker_side": "sell", "timestamp": "1618030891.562486"}
{"created_at": 1618030892, "id": 418078156, "price": 6692164.0, "quantity": 0.01, "taker_side": "buy", "timestamp": "1618030892.062834"}
{"created_at": 1618030892, "id": 418078162, "price": 6695065.0, "quantity": 0.0515251, "taker_side": "buy", "timestamp": "1618030892.237233"}
{"created_at": 1618030892, "id": 418078161, "price": 6695065.0, "quantity": 0.0284749, "taker_side": "buy", "timestamp": "1618030892.237118"}
{"created_at": 1618030893, "id": 418078198, "price": 6691346.0, "quantity": 0.0088, "taker_side": "sell", "timestamp": "1618030893.71799"}
{"created_at": 1618030893, "id": 418078199, "price": 6691251.0, "quantity": 0.0002, "taker_side": "sell", "timestamp": "1618030893.7181141"}
{"created_at": 1618030893, "id": 418078200, "price": 6691182.0, "quantity": 0.071, "taker_side": "sell", "timestamp": "1618030893.718229"}
{"created_at": 1618030893, "id": 418078202, "price": 6691182.0, "quantity": 0.0818, "taker_side": "sell", "timestamp": "1618030893.7781582"}
{"created_at": 1618030893, "id": 418078203, "price": 6690990.0, "quantity": 0.004, "taker_side": "sell", "timestamp": "1618030893.778378"}
{"created_at": 1618030893, "id": 418078204, "price": 6690526.0, "quantity": 0.0132, "taker_side": "sell", "timestamp": "1618030893.778582"}
{"created_at": 1618030893, "id": 418078207, "price": 6690001.0, "quantity": 0.0002, "taker_side": "sell", "timestamp": "1618030893.897744"}
{"created_at": 1618030893, "id": 418078208, "price": 6689195.0, "quantity": 0.0018, "taker_side": "sell", "timestamp": "1618030893.897828"}
{"created_at": 1618030894, "id": 418078213, "price": 6688992.0, "quantity": 0.0018, "taker_side": "sell", "timestamp": "1618030894.122586"}
{"created_at": 1618030894, "id": 418078214, "price": 6689970.0, "quantity": 0.05341448, "taker_side": "buy", "timestamp": "1618030894.123862"}
{"created_at": 1618030894, "id": 418078215, "price": 6691345.0, "quantity": 0.04, "taker_side": "buy", "timestamp": "1618030894.1239228"}
{"created_at": 1618030894, "id": 418078216, "price": 6693407.0, "quantity": 0.00658552, "taker_side": "buy", "timestamp": "1618030894.123978"}
{"created_at": 1618030894, "id": 418078219, "price": 6693407.0, "quantity": 0.004, "taker_side": "buy", "timestamp": "1618030894.2341099"}
{"created_at": 1618030894, "id": 418078226, "price": 6692965.0, "quantity": 0.002, "taker_side": "buy", "timestamp": "1618030894.38444"}
{"created_at": 1618030894, "id": 418078227, "price": 6690000.0, "quantity": 0.00972232, "taker_side": "sell", "timestamp": "1618030894.3904371"}
{"created_at": 1618030894, "id": 418078228, "price": 6691977.0, "quantity": 0.03, "taker_side": "buy", "timestamp": "1618030894.780396"}
{"created_at": 1618030894, "id": 418078229, "price": 6690000.0, "quantity": 0.03027768, "taker_side": "sell", "timestamp": "1618030894.882796"}
{"created_at": 1618030894, "id": 418078230, "price": 6688888.0, "quantity": 0.0224577, "taker_side": "sell", "timestamp": "1618030894.8828568"}
{"created_at": 1618030894, "id": 418078231, "price": 6687501.0, "quantity": 0.0002, "taker_side": "sell", "timestamp": "1618030894.882912"}
{"created_at": 1618030894, "id": 418078232, "price": 6687347.0, "quantity": 0.0286, "taker_side": "sell", "timestamp": "1618030894.882965"}
{"created_at": 1618030894, "id": 418078233, "price": 6687346.0, "quantity": 0.00025644, "taker_side": "sell", "timestamp": "1618030894.883018"}
{"created_at": 1618030895, "id": 418078235, "price": 6689019.0, "quantity": 0.04990062, "taker_side": "buy", "timestamp": "1618030895.410023"}
{"created_at": 1618030895, "id": 418078236, "price": 6689019.0, "quantity": 0.0044, "taker_side": "sell", "timestamp": "1618030895.5702112"}
{"created_at": 1618030895, "id": 418078237, "price": 6690566.0, "quantity": 0.01, "taker_side": "buy", "timestamp": "1618030895.8952398"}
{"created_at": 1618030895, "id": 418078238, "price": 6688823.0, "quantity": 0.006, "taker_side": "buy", "timestamp": "1618030895.920932"}
{"created_at": 1618030896, "id": 418078239, "price": 6689186.0, "quantity": 1.31, "taker_side": "sell", "timestamp": "1618030896.045983"}
{"created_at": 1618030896, "id": 418078240, "price": 6690496.0, "quantity": 0.01, "taker_side": "buy", "timestamp": "1618030896.19251"}
{"created_at": 1618030896, "id": 418078242, "price": 6690566.0, "quantity": 0.0436, "taker_side": "buy", "timestamp": "1618030896.1927328"}
{"created_at": 1618030896, "id": 418078241, "price": 6690565.0, "quantity": 0.0264, "taker_side": "buy", "timestamp": "1618030896.192629"}
{"created_at": 1618030896, "id": 418078243, "price": 6687383.0, "quantity": 0.02, "taker_side": "sell", "timestamp": "1618030896.618322"}
{"created_at": 1618030896, "id": 418078245, "price": 6686085.0, "quantity": 0.0066, "taker_side": "sell", "timestamp": "1618030896.618459"}
{"created_at": 1618030896, "id": 418078244, "price": 6686251.0, "quantity": 0.0002, "taker_side": "sell", "timestamp": "1618030896.618391"}
{"created_at": 1618030896, "id": 418078246, "price": 6686084.0, "quantity": 0.06599072, "taker_side": "sell", "timestamp": "1618030896.618515"}
{"created_at": 1618030897, "id": 418078250, "price": 6685565.0, "quantity": 0.01994882, "taker_side": "sell", "timestamp": "1618030897.293115"}
{"created_at": 1618030897, "id": 418078251, "price": 6688381.0, "quantity": 0.006, "taker_side": "buy", "timestamp": "1618030897.552045"}
{"created_at": 1618030897, "id": 418078253, "price": 6688842.0, "quantity": 0.0352822, "taker_side": "buy", "timestamp": "1618030897.55219"}
{"created_at": 1618030897, "id": 418078252, "price": 6688695.0, "quantity": 0.002, "taker_side": "buy", "timestamp": "1618030897.552136"}
{"created_at": 1618030897, "id": 418078254, "price": 6688848.0, "quantity": 0.0149178, "taker_side": "buy", "timestamp": "1618030897.5522618"}
{"created_at": 1618030897, "id": 418078256, "price": 6685564.0, "quantity": 0.01, "taker_side": "sell", "timestamp": "1618030897.6537979"}
{"created_at": 1618030897, "id": 418078259, "price": 6688843.0, "quantity": 0.01994882, "taker_side": "buy", "timestamp": "1618030897.7487"}
{"created_at": 1618030897, "id": 418078260, "price": 6688847.0, "quantity": 0.0044, "taker_side": "buy", "timestamp": "1618030897.748811"}
{"created_at": 1618030897, "id": 418078261, "price": 6688848.0, "quantity": 0.00565118, "taker_side": "buy", "timestamp": "1618030897.748935"}
{"created_at": 1618030897, "id": 418078263, "price": 6686645.0, "quantity": 0.004, "taker_side": "buy", "timestamp": "1618030897.976185"}
{"created_at": 1618030897, "id": 418078265, "price": 6688380.0, "quantity": 0.02, "taker_side": "buy", "timestamp": "1618030897.9764311"}
{"created_at": 1618030897, "id": 418078266, "price": 6689235.0, "quantity": 0.0066, "taker_side": "buy", "timestamp": "1618030897.9765801"}
{"created_at": 1618030897, "id": 418078264, "price": 6688380.0, "quantity": 0.01, "taker_side": "buy", "timestamp": "1618030897.976298"}
{"created_at": 1618030897, "id": 418078267, "price": 6689443.0, "quantity": 0.002, "taker_side": "buy", "timestamp": "1618030897.9766898"}
{"created_at": 1618030897, "id": 418078269, "price": 6689443.0, "quantity": 0.03533652, "taker_side": "buy", "timestamp": "1618030897.9769049"}
{"created_at": 1618030897, "id": 418078271, "price": 6689443.0, "quantity": 0.03534402, "taker_side": "buy", "timestamp": "1618030897.977133"}
{"created_at": 1618030897, "id": 418078270, "price": 6689443.0, "quantity": 0.03533652, "taker_side": "buy", "timestamp": "1618030897.9770198"}
{"created_at": 1618030897, "id": 418078268, "price": 6689443.0, "quantity": 0.002, "taker_side": "buy", "timestamp": "1618030897.9767911"}
{"created_at": 1618030897, "id": 418078272, "price": 6689449.0, "quantity": 0.14938294, "taker_side": "buy", "timestamp": "1618030897.9772449"}
{"created_at": 1618030898, "id": 418078277, "price": 6685564.0, "quantity": 0.00905516, "taker_side": "sell", "timestamp": "1618030898.22524"}
{"created_at": 1618030898, "id": 418078278, "price": 6685346.0, "quantity": 0.012, "taker_side": "sell", "timestamp": "1618030898.225363"}
{"created_at": 1618030898, "id": 418078279, "price": 6685186.0, "quantity": 0.00694484, "taker_side": "sell", "timestamp": "1618030898.225465"}
{"created_at": 1618030898, "id": 418078287, "price": 6687804.0, "quantity": 0.002, "taker_side": "buy", "timestamp": "1618030898.517994"}
{"created_at": 1618030898, "id": 418078289, "price": 6685001.0, "quantity": 0.0002, "taker_side": "sell", "timestamp": "1618030898.85199"}
{"created_at": 1618030898, "id": 418078290, "price": 6684533.0, "quantity": 0.01905844, "taker_side": "sell", "timestamp": "1618030898.852051"}
{"created_at": 1618030898, "id": 418078291, "price": 6684530.0, "quantity": 0.0190899, "taker_side": "sell", "timestamp": "1618030898.852106"}
{"created_at": 1618030898, "id": 418078292, "price": 6684524.0, "quantity": 0.00169882, "taker_side": "sell", "timestamp": "1618030898.85216"}
{"created_at": 1618030898, "id": 418078293, "price": 6687095.0, "quantity": 0.004, "taker_side": "buy", "timestamp": "1618030898.9308841"}
{"created_at": 1618030899, "id": 418078298, "price": 6686885.0, "quantity": 0.006, "taker_side": "buy", "timestamp": "1618030899.123348"}
{"created_at": 1618030899, "id": 418078300, "price": 6687797.0, "quantity": 0.0022, "taker_side": "buy", "timestamp": "1618030899.123564"}
{"created_at": 1618030899, "id": 418078301, "price": 6687798.0, "quantity": 0.03533344, "taker_side": "buy", "timestamp": "1618030899.123704"}
{"created_at": 1618030899, "id": 418078299, "price": 6687171.0, "quantity": 0.046, "taker_side": "buy", "timestamp": "1618030899.123457"}
{"created_at": 1618030899, "id": 418078302, "price": 6687798.0, "quantity": 0.002, "taker_side": "buy", "timestamp": "1618030899.123838"}
{"created_at": 1618030899, "id": 418078304, "price": 6687798.0, "quantity": 0.03533652, "taker_side": "buy", "timestamp": "1618030899.124059"}
{"created_at": 1618030899, "id": 418078303, "price": 6687798.0, "quantity": 0.002, "taker_side": "buy", "timestamp": "1618030899.123955"}
{"created_at": 1618030899, "id": 418078305, "price": 6687798.0, "quantity": 0.03533652, "taker_side": "buy", "timestamp": "1618030899.1241589"}
{"created_at": 1618030899, "id": 418078307, "price": 6687810.0, "quantity": 0.03999352, "taker_side": "buy", "timestamp": "1618030899.124387"}
{"created_at": 1618030899, "id": 418078306, "price": 6687804.0, "quantity": 0.0362, "taker_side": "buy", "timestamp": "1618030899.124267"}
{"created_at": 1618030899, "id": 418078309, "price": 6684529.0, "quantity": 0.00317226, "taker_side": "sell", "timestamp": "1618030899.1737459"}
{"created_at": 1618030899, "id": 418078313, "price": 6684529.0, "quantity": 0.05682774, "taker_side": "sell", "timestamp": "1618030899.288946"}
{"created_at": 1618030899, "id": 418078314, "price": 6684524.0, "quantity": 0.0774779, "taker_side": "sell", "timestamp": "1618030899.289099"}
{"created_at": 1618030899, "id": 418078315, "price": 6684524.0, "quantity": 0.07622136, "taker_side": "sell", "timestamp": "1618030899.320281"}
{"created_at": 1618030899, "id": 418078322, "price": 6684524.0, "quantity": 0.1323614, "taker_side": "sell", "timestamp": "1618030899.505714"}
{"created_at": 1618030899, "id": 418078323, "price": 6686810.0, "quantity": 0.004, "taker_side": "buy", "timestamp": "1618030899.746155"}
{"created_at": 1618030899, "id": 418078324, "price": 6684047.0, "quantity": 0.004, "taker_side": "sell", "timestamp": "1618030899.873749"}
{"created_at": 1618030900, "id": 418078325, "price": 6684047.0, "quantity": 0.00299432, "taker_side": "sell", "timestamp": "1618030900.140935"}
{"created_at": 1618030900, "id": 418078326, "price": 6683751.0, "quantity": 0.0002, "taker_side": "sell", "timestamp": "1618030900.141015"}
{"created_at": 1618030900, "id": 418078327, "price": 6683405.0, "quantity": 0.0034, "taker_side": "sell", "timestamp": "1618030900.141073"}
{"created_at": 1618030900, "id": 418078328, "price": 6683405.0, "quantity": 0.0008, "taker_side": "sell", "timestamp": "1618030900.1411252"}
{"created_at": 1618030900, "id": 418078329, "price": 6683257.0, "quantity": 0.03, "taker_side": "sell", "timestamp": "1618030900.1411788"}
{"created_at": 1618030900, "id": 418078330, "price": 6682525.0, "quantity": 0.0096, "taker_side": "sell", "timestamp": "1618030900.141232"}
{"created_at": 1618030900, "id": 418078332, "price": 6682268.0, "quantity": 0.01, "taker_side": "sell", "timestamp": "1618030900.141338"}
{"created_at": 1618030900, "id": 418078331, "price": 6682501.0, "quantity": 0.0002, "taker_side": "sell", "timestamp": "1618030900.141284"}
{"created_at": 1618030900, "id": 418078334, "price": 6684475.0, "quantity": 0.04, "taker_side": "buy", "timestamp": "1618030900.154901"}
{"created_at": 1618030900, "id": 418078335, "price": 6684518.0, "quantity": 0.03533344, "taker_side": "buy", "timestamp": "1618030900.1550138"}
{"created_at": 1618030900, "id": 418078333, "price": 6681752.0, "quantity": 0.04280568, "taker_side": "sell", "timestamp": "1618030900.141394"}
{"created_at": 1618030900, "id": 418078336, "price": 6687058.0, "quantity": 0.03533652, "taker_side": "buy", "timestamp": "1618030900.22478"}
{"created_at": 1618030900, "id": 418078337, "price": 6687059.0, "quantity": 0.002, "taker_side": "buy", "timestamp": "1618030900.22489"}
{"created_at": 1618030900, "id": 418078338, "price": 6687059.0, "quantity": 0.002, "taker_side": "buy", "timestamp": "1618030900.224993"}
{"created_at": 1618030900, "id": 418078339, "price": 6687065.0, "quantity": 0.02066348, "taker_side": "buy", "timestamp": "1618030900.225097"}
{"created_at": 1618030900, "id": 418078351, "price": 6684530.0, "quantity": 0.00466656, "taker_side": "sell", "timestamp": "1618030900.665386"}
{"created_at": 1618030900, "id": 418078352, "price": 6681919.0, "quantity": 0.0416, "taker_side": "sell", "timestamp": "1618030900.6655118"}
{"created_at": 1618030900, "id": 418078353, "price": 6681752.0, "quantity": 0.04973344, "taker_side": "sell", "timestamp": "1618030900.665631"}
{"created_at": 1618030900, "id": 418078354, "price": 6687046.0, "quantity": 0.002, "taker_side": "buy", "timestamp": "1618030900.770592"}
{"created_at": 1618030900, "id": 418078355, "price": 6687052.0, "quantity": 0.028, "taker_side": "buy", "timestamp": "1618030900.770744"}
{"created_at": 1618030901, "id": 418078358, "price": 6683983.0, "quantity": 0.004, "taker_side": "buy", "timestamp": "1618030901.131667"}
{"created_at": 1618030901, "id": 418078359, "price": 6687040.0, "quantity": 0.03533652, "taker_side": "buy", "timestamp": "1618030901.193869"}
{"created_at": 1618030901, "id": 418078360, "price": 6687046.0, "quantity": 0.03533344, "taker_side": "buy", "timestamp": "1618030901.193994"}
{"created_at": 1618030901, "id": 418078361, "price": 6687046.0, "quantity": 0.04, "taker_side": "buy", "timestamp": "1618030901.194099"}
{"created_at": 1618030901, "id": 418078362, "price": 6687052.0, "quantity": 0.0072822, "taker_side": "buy", "timestamp": "1618030901.1942039"}
{"created_at": 1618030901, "id": 418078363, "price": 6687053.0, "quantity": 0.06, "taker_side": "buy", "timestamp": "1618030901.194324"}
{"created_at": 1618030901, "id": 418078364, "price": 6687058.0, "quantity": 0.03534402, "taker_side": "buy", "timestamp": "1618030901.1944342"}
{"created_at": 1618030901, "id": 418078365, "price": 6687058.0, "quantity": 0.03533652, "taker_side": "buy", "timestamp": "1618030901.194541"}
{"created_at": 1618030901, "id": 418078367, "price": 6687065.0, "quantity": 0.0447673, "taker_side": "buy", "timestamp": "1618030901.194769"}
{"created_at": 1618030901, "id": 418078366, "price": 6687063.0, "quantity": 0.0066, "taker_side": "buy", "timestamp": "1618030901.1946502"}
{"created_at": 1618030901, "id": 418078369, "price": 6687039.0, "quantity": 0.4952, "taker_side": "buy", "timestamp": "1618030901.2821639"}
{"created_at": 1618030901, "id": 418078378, "price": 6682632.0, "quantity": 0.01, "taker_side": "sell", "timestamp": "1618030901.556936"}
{"created_at": 1618030901, "id": 418078380, "price": 6686517.0, "quantity": 0.0008, "taker_side": "buy", "timestamp": "1618030901.674588"}
{"created_at": 1618030901, "id": 418078379, "price": 6686511.0, "quantity": 0.002, "taker_side": "buy", "timestamp": "1618030901.674528"}
{"created_at": 1618030902, "id": 418078388, "price": 6686107.0, "quantity": 0.01, "taker_side": "buy", "timestamp": "1618030902.679557"}
{"created_at": 1618030902, "id": 418078389, "price": 6686499.0, "quantity": 0.0352822, "taker_side": "buy", "timestamp": "1618030902.6796732"}
{"created_at": 1618030902, "id": 418078391, "price": 6686505.0, "quantity": 0.03534402, "taker_side": "buy", "timestamp": "1618030902.679887"}
{"created_at": 1618030902, "id": 418078390, "price": 6686505.0, "quantity": 0.03533652, "taker_side": "buy", "timestamp": "1618030902.679779"}
{"created_at": 1618030902, "id": 418078392, "price": 6686510.0, "quantity": 0.08, "taker_side": "buy", "timestamp": "1618030902.68"}
{"created_at": 1618030902, "id": 418078394, "price": 6686516.0, "quantity": 0.0022, "taker_side": "buy", "timestamp": "1618030902.680213"}
{"created_at": 1618030902, "id": 418078395, "price": 6687034.0, "quantity": 0.002, "taker_side": "buy", "timestamp": "1618030902.7626922"}
{"created_at": 1618030902, "id": 418078396, "price": 6687809.0, "quantity": 0.004, "taker_side": "buy", "timestamp": "1618030902.762812"}
{"created_at": 1618030902, "id": 418078393, "price": 6686511.0, "quantity": 0.03533344, "taker_side": "buy", "timestamp": "1618030902.680108"}
{"created_at": 1618030903, "id": 418078408, "price": 6686515.0, "quantity": 0.06, "taker_side": "buy", "timestamp": "1618030903.421668"}
{"created_at": 1618030903, "id": 418078410, "price": 6687808.0, "quantity": 0.0246, "taker_side": "buy", "timestamp": "1618030903.421779"}
{"created_at": 1618030903, "id": 418078409, "price": 6687807.0, "quantity": 0.0154, "taker_side": "buy", "timestamp": "1618030903.421725"}
{"created_at": 1618030903, "id": 418078411, "price": 6687324.0, "quantity": 0.03, "taker_side": "buy", "timestamp": "1618030903.942157"}
{"created_at": 1618030904, "id": 418078414, "price": 6687680.0, "quantity": 0.03533344, "taker_side": "buy", "timestamp": "1618030904.398865"}
{"created_at": 1618030904, "id": 418078415, "price": 6687681.0, "quantity": 0.03534402, "taker_side": "buy", "timestamp": "1618030904.398983"}
{"created_at": 1618030904, "id": 418078416, "price": 6687687.0, "quantity": 0.0296, "taker_side": "buy", "timestamp": "1618030904.3990889"}
{"created_at": 1618030904, "id": 418078417, "price": 6687801.0, "quantity": 0.0066, "taker_side": "buy", "timestamp": "1618030904.3992152"}
{"created_at": 1618030904, "id": 418078418, "price": 6687802.0, "quantity": 0.0352822, "taker_side": "buy", "timestamp": "1618030904.399323"}
{"created_at": 1618030904, "id": 418078419, "price": 6687808.0, "quantity": 0.004, "taker_side": "buy", "timestamp": "1618030904.3994281"}
{"created_at": 1618030904, "id": 418078420, "price": 6687809.0, "quantity": 0.008, "taker_side": "buy", "timestamp": "1618030904.399533"}
{"created_at": 1618030904, "id": 418078421, "price": 6688636.0, "quantity": 0.14584034, "taker_side": "buy", "timestamp": "1618030904.399641"}
{"created_at": 1618030905, "id": 418078429, "price": 6683391.0, "quantity": 0.0352822, "taker_side": "sell", "timestamp": "1618030905.560382"}
{"created_at": 1618030905, "id": 418078430, "price": 6683385.0, "quantity": 0.0227178, "taker_side": "sell", "timestamp": "1618030905.56046"}
{"created_at": 1618030906, "id": 418078433, "price": 6687274.0, "quantity": 0.006, "taker_side": "buy", "timestamp": "1618030906.79563"}
{"created_at": 1618030906, "id": 418078434, "price": 6687664.0, "quantity": 0.0352822, "taker_side": "buy", "timestamp": "1618030906.795744"}
{"created_at": 1618030906, "id": 418078435, "price": 6688626.0, "quantity": 0.0176, "taker_side": "buy", "timestamp": "1618030906.847688"}
{"created_at": 1618030906, "id": 418078437, "price": 6688780.0, "quantity": 0.0064, "taker_side": "buy", "timestamp": "1618030906.847928"}
{"created_at": 1618030906, "id": 418078436, "price": 6688754.0, "quantity": 0.0892, "taker_side": "buy", "timestamp": "1618030906.8478131"}
{"created_at": 1618030906, "id": 418078439, "price": 6688822.0, "quantity": 0.004, "taker_side": "sell", "timestamp": "1618030906.8967721"}
{"created_at": 1618030906, "id": 418078440, "price": 6688822.0, "quantity": 0.0002, "taker_side": "sell", "timestamp": "1618030906.930757"}
{"created_at": 1618030906, "id": 418078441, "price": 6688822.0, "quantity": 0.0527586, "taker_side": "sell", "timestamp": "1618030906.940383"}
{"created_at": 1618030906, "id": 418078442, "price": 6689553.0, "quantity": 0.00720128, "taker_side": "buy", "timestamp": "1618030906.942296"}
{"created_at": 1618030906, "id": 418078443, "price": 6689900.0, "quantity": 0.00779872, "taker_side": "buy", "timestamp": "1618030906.942454"}
{"created_at": 1618030907, "id": 418078445, "price": 6689293.0, "quantity": 0.2632, "taker_side": "sell", "timestamp": "1618030907.009877"}
{"created_at": 1618030907, "id": 418078446, "price": 6688821.0, "quantity": 0.18067964, "taker_side": "sell", "timestamp": "1618030907.010008"}
{"created_at": 1618030907, "id": 418078447, "price": 6688821.0, "quantity": 0.12460256, "taker_side": "sell", "timestamp": "1618030907.024812"}
{"created_at": 1618030907, "id": 418078449, "price": 6689900.0, "quantity": 0.01, "taker_side": "buy", "timestamp": "1618030907.2393348"}
{"created_at": 1618030907, "id": 418078451, "price": 6688839.0, "quantity": 0.01003206, "taker_side": "sell", "timestamp": "1618030907.3976698"}
{"created_at": 1618030907, "id": 418078452, "price": 6688839.0, "quantity": 0.04, "taker_side": "sell", "timestamp": "1618030907.399519"}
{"created_at": 1618030907, "id": 418078453, "price": 6689899.0, "quantity": 0.08, "taker_side": "buy", "timestamp": "1618030907.612662"}
{"created_at": 1618030907, "id": 418078455, "price": 6689999.0, "quantity": 0.0002, "taker_side": "buy", "timestamp": "1618030907.6128798"}
{"created_at": 1618030907, "id": 418078456, "price": 6691008.0, "quantity": 0.0299982, "taker_side": "buy", "timestamp": "1618030907.6129851"}
{"created_at": 1618030907, "id": 418078454, "price": 6689900.0, "quantity": 0.10023258, "taker_side": "buy", "timestamp": "1618030907.6127732"}
{"created_at": 1618030907, "id": 418078457, "price": 6691249.0, "quantity": 0.0002, "taker_side": "buy", "timestamp": "1618030907.6131682"}
{"created_at": 1618030907, "id": 418078458, "price": 6692184.0, "quantity": 0.002, "taker_side": "buy", "timestamp": "1618030907.6132832"}
{"created_at": 1618030907, "id": 418078459, "price": 6692498.0, "quantity": 0.0352, "taker_side": "buy", "timestamp": "1618030907.6133919"}
{"created_at": 1618030907, "id": 418078460, "price": 6692499.0, "quantity": 0.0002, "taker_side": "buy", "timestamp": "1618030907.6134982"}
{"created_at": 1618030907, "id": 418078461, "price": 6692499.0, "quantity": 0.05196922, "taker_side": "buy", "timestamp": "1618030907.613617"}
{"created_at": 1618030907, "id": 418078466, "price": 6689020.0, "quantity": 0.006, "taker_side": "sell", "timestamp": "1618030907.990721"}
{"created_at": 1618030907, "id": 418078467, "price": 6688598.0, "quantity": 0.0286, "taker_side": "sell", "timestamp": "1618030907.9907799"}
{"created_at": 1618030907, "id": 418078468, "price": 6688597.0, "quantity": 0.0054, "taker_side": "sell", "timestamp": "1618030907.990834"}
{"created_at": 1618030908, "id": 418078469, "price": 6688597.0, "quantity": 0.0002, "taker_side": "sell", "timestamp": "1618030908.0238662"}
{"created_at": 1618030909, "id": 418078472, "price": 6689883.0, "quantity": 0.0002, "taker_side": "sell", "timestamp": "1618030909.1281128"}
{"created_at": 1618030909, "id": 418078473, "price": 6692820.0, "quantity": 0.002, "taker_side": "buy", "timestamp": "1618030909.5558841"}
{"created_at": 1618030910, "id": 418078474, "price": 6692826.0, "quantity": 0.096, "taker_side": "buy", "timestamp": "1618030910.696251"}
{"created_at": 1618030911, "id": 418078476, "price": 6690183.0, "quantity": 0.002, "taker_side": "sell", "timestamp": "1618030911.073864"}
{"created_at": 1618030911, "id": 418078477, "price": 6690183.0, "quantity": 0.0268, "taker_side": "sell", "timestamp": "1618030911.073923"}
{"created_at": 1618030911, "id": 418078480, "price": 6693749.0, "quantity": 0.0002, "taker_side": "buy", "timestamp": "1618030911.9500642"}
{"created_at": 1618030912, "id": 418078482, "price": 6693813.0, "quantity": 0.04978876, "taker_side": "sell", "timestamp": "1618030912.0534961"}
{"created_at": 1618030912, "id": 418078486, "price": 6692275.0, "quantity": 0.014, "taker_side": "sell", "timestamp": "1618030912.979553"}
{"created_at": 1618030912, "id": 418078485, "price": 6693175.0, "quantity": 0.006, "taker_side": "sell", "timestamp": "1618030912.979491"}
{"created_at": 1618030914, "id": 418078487, "price": 6692982.0, "quantity": 0.01, "taker_side": "sell", "timestamp": "1618030914.768675"}
{"created_at": 1618030915, "id": 418078489, "price": 6692280.0, "quantity": 0.0002, "taker_side": "sell", "timestamp": "1618030915.339821"}
{"created_at": 1618030915, "id": 418078491, "price": 6694897.0, "quantity": 0.002, "taker_side": "buy", "timestamp": "1618030915.7403069"}
{"created_at": 1618030916, "id": 418078495, "price": 6691599.0, "quantity": 0.002, "taker_side": "sell", "timestamp": "1618030916.032285"}
{"created_at": 1618030916, "id": 418078496, "price": 6691079.0, "quantity": 0.0002, "taker_side": "sell", "timestamp": "1618030916.4646451"}
{"created_at": 1618030917, "id": 418078498, "price": 6691080.0, "quantity": 0.01629836, "taker_side": "sell", "timestamp": "1618030917.777194"}
{"created_at": 1618030918, "id": 418078499, "price": 6692931.0, "quantity": 0.002, "taker_side": "buy", "timestamp": "1618030918.838822"}
{"created_at": 1618030920, "id": 418078501, "price": 6691484.0, "quantity": 0.0344, "taker_side": "sell", "timestamp": "1618030920.172599"}
{"created_at": 1618030920, "id": 418078502, "price": 6691272.0, "quantity": 0.0596, "taker_side": "sell", "timestamp": "1618030920.1726668"}
{"created_at": 1618030920, "id": 418078503, "price": 6690548.0, "quantity": 0.0066, "taker_side": "sell", "timestamp": "1618030920.172746"}
{"created_at": 1618030920, "id": 418078504, "price": 6690548.0, "quantity": 0.03, "taker_side": "sell", "timestamp": "1618030920.1728"}
{"created_at": 1618030920, "id": 418078506, "price": 6690021.0, "quantity": 0.16284828, "taker_side": "sell", "timestamp": "1618030920.172908"}
{"created_at": 1618030920, "id": 418078505, "price": 6690547.0, "quantity": 0.24, "taker_side": "sell", "timestamp": "1618030920.1728551"}
{"created_at": 1618030923, "id": 418078509, "price": 6691783.0, "quantity": 0.002, "taker_side": "buy", "timestamp": "1618030923.5341"}
{"created_at": 1618030924, "id": 418078511, "price": 6691783.0, "quantity": 0.02856536, "taker_side": "buy", "timestamp": "1618030924.487301"}
{"created_at": 1618030924, "id": 418078513, "price": 6692867.0, "quantity": 0.03527866, "taker_side": "sell", "timestamp": "1618030924.889101"}
{"created_at": 1618030925, "id": 418078516, "price": 6694999.0, "quantity": 0.0002, "taker_side": "buy", "timestamp": "1618030925.2638998"}
{"created_at": 1618030925, "id": 418078517, "price": 6695966.0, "quantity": 0.0066, "taker_side": "buy", "timestamp": "1618030925.263959"}
{"created_at": 1618030925, "id": 418078519, "price": 6696491.0, "quantity": 0.003, "taker_side": "buy", "timestamp": "1618030925.2640698"}
{"created_at": 1618030925, "id": 418078518, "price": 6696249.0, "quantity": 0.0002, "taker_side": "buy", "timestamp": "1618030925.2640169"}
{"created_at": 1618030926, "id": 418078520, "price": 6691918.0, "quantity": 0.01, "taker_side": "sell", "timestamp": "1618030926.338892"}
{"created_at": 1618030926, "id": 418078521, "price": 6691593.0, "quantity": 0.00729534, "taker_side": "sell", "timestamp": "1618030926.338975"}
{"created_at": 1618030927, "id": 418078522, "price": 6690028.0, "quantity": 0.0132, "taker_side": "sell", "timestamp": "1618030927.794113"}
{"created_at": 1618030927, "id": 418078523, "price": 6690027.0, "quantity": 0.0352822, "taker_side": "sell", "timestamp": "1618030927.794245"}
{"created_at": 1618030928, "id": 418078529, "price": 6690000.0, "quantity": 0.04, "taker_side": "buy", "timestamp": "1618030928.16639"}
{"created_at": 1618030928, "id": 418078530, "price": 6689897.0, "quantity": 0.02, "taker_side": "buy", "timestamp": "1618030928.36774"}
{"created_at": 1618030928, "id": 418078532, "price": 6688982.0, "quantity": 0.0109989, "taker_side": "sell", "timestamp": "1618030928.4647129"}
{"created_at": 1618030928, "id": 418078534, "price": 6689897.0, "quantity": 0.002, "taker_side": "buy", "timestamp": "1618030928.512717"}
{"created_at": 1618030929, "id": 418078550, "price": 6689897.0, "quantity": 0.0002, "taker_side": "buy", "timestamp": "1618030929.4736152"}
{"created_at": 1618030929, "id": 418078551, "price": 6688982.0, "quantity": 0.01173018, "taker_side": "sell", "timestamp": "1618030929.800568"}
{"created_at": 1618030929, "id": 418078552, "price": 6688751.0, "quantity": 0.0002, "taker_side": "sell", "timestamp": "1618030929.80069"}
{"created_at": 1618030929, "id": 418078553, "price": 6687663.0, "quantity": 0.03533652, "taker_side": "sell", "timestamp": "1618030929.800816"}
{"created_at": 1618030929, "id": 418078554, "price": 6687663.0, "quantity": 0.002, "taker_side": "sell", "timestamp": "1618030929.8009322"}
{"created_at": 1618030929, "id": 418078555, "price": 6687663.0, "quantity": 0.0307333, "taker_side": "sell", "timestamp": "1618030929.8010461"}
{"created_at": 1618030929, "id": 418078556, "price": 6689175.0, "quantity": 0.00729534, "taker_side": "buy", "timestamp": "1618030929.8907158"}
{"created_at": 1618030929, "id": 418078557, "price": 6690000.0, "quantity": 0.00270466, "taker_side": "buy", "timestamp": "1618030929.8908422"}
{"created_at": 1618030930, "id": 418078562, "price": 6687664.0, "quantity": 0.011729, "taker_side": "sell", "timestamp": "1618030930.519234"}
{"created_at": 1618030930, "id": 418078563, "price": 6690000.0, "quantity": 0.0002, "taker_side": "buy", "timestamp": "1618030930.582599"}
{"created_at": 1618030930, "id": 418078564, "price": 6689766.0, "quantity": 0.0006, "taker_side": "buy", "timestamp": "1618030930.945038"}
{"created_at": 1618030931, "id": 418078565, "price": 6689795.0, "quantity": 0.0002, "taker_side": "buy", "timestamp": "1618030931.697083"}
{"created_at": 1618030932, "id": 418078566, "price": 6687952.0, "quantity": 0.0222, "taker_side": "sell", "timestamp": "1618030932.62322"}
{"created_at": 1618030932, "id": 418078567, "price": 6687501.0, "quantity": 0.0002, "taker_side": "sell", "timestamp": "1618030932.671621"}
{"created_at": 1618030932, "id": 418078568, "price": 6686644.0, "quantity": 0.1528, "taker_side": "sell", "timestamp": "1618030932.687029"}
{"created_at": 1618030932, "id": 418078569, "price": 6686252.0, "quantity": 0.01, "taker_side": "sell", "timestamp": "1618030932.68831"}
{"created_at": 1618030933, "id": 418078572, "price": 6686251.0, "quantity": 0.0002, "taker_side": "sell", "timestamp": "1618030933.163477"}
{"created_at": 1618030933, "id": 418078573, "price": 6685536.0, "quantity": 0.002, "taker_side": "sell", "timestamp": "1618030933.163538"}
{"created_at": 1618030933, "id": 418078574, "price": 6685416.0, "quantity": 0.004, "taker_side": "sell", "timestamp": "1618030933.1635919"}
{"created_at": 1618030933, "id": 418078576, "price": 6685142.0, "quantity": 0.00723434, "taker_side": "sell", "timestamp": "1618030933.163703"}
{"created_at": 1618030933, "id": 418078575, "price": 6685355.0, "quantity": 0.00847284, "taker_side": "sell", "timestamp": "1618030933.163646"}
{"created_at": 1618030933, "id": 418078578, "price": 6684982.0, "quantity": 9.282e-05, "taker_side": "sell", "timestamp": "1618030933.1638231"}
{"created_at": 1618030933, "id": 418078579, "price": 6686930.0, "quantity": 0.02, "taker_side": "buy", "timestamp": "1618030933.169696"}
{"created_at": 1618030933, "id": 418078577, "price": 6685001.0, "quantity": 0.0002, "taker_side": "sell", "timestamp": "1618030933.163757"}
{"created_at": 1618030933, "id": 418078580, "price": 6686930.0, "quantity": 0.0304939, "taker_side": "buy", "timestamp": "1618030933.322261"}
{"created_at": 1618030933, "id": 418078587, "price": 6687875.0, "quantity": 0.002, "taker_side": "buy", "timestamp": "1618030933.417424"}
{"created_at": 1618030933, "id": 418078588, "price": 6688170.0, "quantity": 0.018, "taker_side": "buy", "timestamp": "1618030933.417582"}
{"created_at": 1618030934, "id": 418078593, "price": 6687000.0, "quantity": 0.0095061, "taker_side": "sell", "timestamp": "1618030934.006451"}
{"created_at": 1618030934, "id": 418078594, "price": 6684982.0, "quantity": 0.01990718, "taker_side": "sell", "timestamp": "1618030934.2359731"}
{"created_at": 1618030934, "id": 418078595, "price": 6684150.0, "quantity": 0.0044, "taker_side": "sell", "timestamp": "1618030934.236137"}
{"created_at": 1618030934, "id": 418078596, "price": 6684078.0, "quantity": 0.002, "taker_side": "sell", "timestamp": "1618030934.2362602"}
{"created_at": 1618030934, "id": 418078597, "price": 6684076.0, "quantity": 0.0190899, "taker_side": "sell", "timestamp": "1618030934.236404"}
{"created_at": 1618030934, "id": 418078598, "price": 6684070.0, "quantity": 0.01907592, "taker_side": "sell", "timestamp": "1618030934.236526"}
{"created_at": 1618030934, "id": 418078599, "price": 6684068.0, "quantity": 0.01905516, "taker_side": "sell", "timestamp": "1618030934.236641"}
{"created_at": 1618030934, "id": 418078600, "price": 6684047.0, "quantity": 0.51627184, "taker_side": "sell", "timestamp": "1618030934.236756"}
{"created_at": 1618030934, "id": 418078603, "price": 6684052.0, "quantity": 0.06, "taker_side": "sell", "timestamp": "1618030934.4144151"}
{"created_at": 1618030934, "id": 418078604, "price": 6684047.0, "quantity": 0.20990976, "taker_side": "sell", "timestamp": "1618030934.4145632"}
{"created_at": 1618030934, "id": 418078605, "price": 6685793.0, "quantity": 0.006, "taker_side": "buy", "timestamp": "1618030934.4579892"}
{"created_at": 1618030934, "id": 418078606, "price": 6685982.0, "quantity": 0.014, "taker_side": "buy", "timestamp": "1618030934.458121"}
{"created_at": 1618030934, "id": 418078608, "price": 6684047.0, "quantity": 0.55205784, "taker_side": "sell", "timestamp": "1618030934.4878888"}
{"created_at": 1618030934, "id": 418078609, "price": 6685982.0, "quantity": 0.002, "taker_side": "buy", "timestamp": "1618030934.499056"}
{"created_at": 1618030934, "id": 418078610, "price": 6684047.0, "quantity": 0.15616056, "taker_side": "sell", "timestamp": "1618030934.5063128"}
{"created_at": 1618030934, "id": 418078611, "price": 6683751.0, "quantity": 0.0002, "taker_side": "sell", "timestamp": "1618030934.5345259"}
{"created_at": 1618030934, "id": 418078614, "price": 6685982.0, "quantity": 0.01932862, "taker_side": "buy", "timestamp": "1618030934.685863"}
{"created_at": 1618030934, "id": 418078615, "price": 6685982.0, "quantity": 0.00067138, "taker_side": "buy", "timestamp": "1618030934.685995"}
{"created_at": 1618030934, "id": 418078617, "price": 6685982.0, "quantity": 0.00132862, "taker_side": "buy", "timestamp": "1618030934.748123"}
{"created_at": 1618030934, "id": 418078618, "price": 6685982.0, "quantity": 0.03067138, "taker_side": "buy", "timestamp": "1618030934.748288"}
{"created_at": 1618030934, "id": 418078619, "price": 6683384.0, "quantity": 0.04, "taker_side": "sell", "timestamp": "1618030934.7500029"}
{"created_at": 1618030934, "id": 418078620, "price": 6683384.0, "quantity": 0.00950514, "taker_side": "sell", "timestamp": "1618030934.767471"}
{"created_at": 1618030934, "id": 418078623, "price": 6685982.0, "quantity": 0.004, "taker_side": "buy", "timestamp": "1618030934.839095"}
{"created_at": 1618030934, "id": 418078625, "price": 6683384.0, "quantity": 0.15029486, "taker_side": "sell", "timestamp": "1618030934.9180741"}
{"created_at": 1618030934, "id": 418078626, "price": 6683307.0, "quantity": 0.01, "taker_side": "sell", "timestamp": "1618030934.918195"}
{"created_at": 1618030935, "id": 418078634, "price": 6683174.0, "quantity": 0.006, "taker_side": "buy", "timestamp": "1618030935.277496"}
{"created_at": 1618030935, "id": 418078635, "price": 6683244.0, "quantity": 0.06, "taker_side": "buy", "timestamp": "1618030935.277647"}
{"created_at": 1618030935, "id": 418078636, "price": 6684849.0, "quantity": 0.01054, "taker_side": "buy", "timestamp": "1618030935.277753"}
{"created_at": 1618030935, "id": 418078637, "price": 6685607.0, "quantity": 0.099, "taker_side": "buy", "timestamp": "1618030935.277856"}
{"created_at": 1618030935, "id": 418078640, "price": 6686004.0, "quantity": 0.1632, "taker_side": "buy", "timestamp": "1618030935.2781692"}
{"created_at": 1618030935, "id": 418078642, "price": 6686866.0, "quantity": 0.01, "taker_side": "buy", "timestamp": "1618030935.278409"}
{"created_at": 1618030935, "id": 418078641, "price": 6686866.0, "quantity": 0.0066, "taker_side": "buy", "timestamp": "1618030935.278305"}
{"created_at": 1618030935, "id": 418078639, "price": 6685982.0, "quantity": 0.00066514, "taker_side": "buy", "timestamp": "1618030935.278065"}
{"created_at": 1618030935, "id": 418078644, "price": 6686915.0, "quantity": 0.01, "taker_side": "buy", "timestamp": "1618030935.282272"}
{"created_at": 1618030935, "id": 418078638, "price": 6685981.0, "quantity": 0.027, "taker_side": "buy", "timestamp": "1618030935.277961"}
{"created_at": 1618030935, "id": 418078643, "price": 6686915.0, "quantity": 0.01699486, "taker_side": "buy", "timestamp": "1618030935.2785149"}
{"created_at": 1618030935, "id": 418078652, "price": 6685875.0, "quantity": 0.002, "taker_side": "buy", "timestamp": "1618030935.835986"}
{"created_at": 1618030935, "id": 418078653, "price": 6682502.0, "quantity": 0.158, "taker_side": "sell", "timestamp": "1618030935.844888"}
{"created_at": 1618030936, "id": 418078656, "price": 6685875.0, "quantity": 0.004, "taker_side": "buy", "timestamp": "1618030936.428848"}
{"created_at": 1618030936, "id": 418078658, "price": 6683114.0, "quantity": 0.006, "taker_side": "sell", "timestamp": "1618030936.972079"}
{"created_at": 1618030936, "id": 418078659, "price": 6682807.0, "quantity": 0.0336, "taker_side": "sell", "timestamp": "1618030936.972209"}
{"created_at": 1618030937, "id": 418078663, "price": 6682807.0, "quantity": 0.0064, "taker_side": "sell", "timestamp": "1618030937.533196"}
{"created_at": 1618030937, "id": 418078664, "price": 6682503.0, "quantity": 0.0102, "taker_side": "sell", "timestamp": "1618030937.533261"}
{"created_at": 1618030937, "id": 418078665, "price": 6682501.0, "quantity": 0.0002, "taker_side": "sell", "timestamp": "1618030937.533343"}
{"created_at": 1618030937, "id": 418078668, "price": 6681295.0, "quantity": 0.021, "taker_side": "sell", "timestamp": "1618030937.53356"}
{"created_at": 1618030937, "id": 418078666, "price": 6682344.0, "quantity": 0.0022, "taker_side": "sell", "timestamp": "1618030937.53342"}
{"created_at": 1618030937, "id": 418078667, "price": 6681952.0, "quantity": 0.012, "taker_side": "sell", "timestamp": "1618030937.533504"}
{"created_at": 1618030938, "id": 418078671, "price": 6681527.0, "quantity": 0.02, "taker_side": "sell", "timestamp": "1618030938.01008"}
{"created_at": 1618030938, "id": 418078672, "price": 6684154.0, "quantity": 0.02, "taker_side": "buy", "timestamp": "1618030938.0207691"}
{"created_at": 1618030938, "id": 418078673, "price": 6681295.0, "quantity": 0.001, "taker_side": "sell", "timestamp": "1618030938.05548"}
{"created_at": 1618030938, "id": 418078676, "price": 6683891.0, "quantity": 0.006, "taker_side": "buy", "timestamp": "1618030938.345149"}
{"created_at": 1618030938, "id": 418078677, "price": 6684154.0, "quantity": 0.014, "taker_side": "buy", "timestamp": "1618030938.345293"}
{"created_at": 1618030938, "id": 418078679, "price": 6682863.0, "quantity": 0.1648, "taker_side": "buy", "timestamp": "1618030938.4990468"}
{"created_at": 1618030938, "id": 418078680, "price": 6684153.0, "quantity": 0.0154, "taker_side": "buy", "timestamp": "1618030938.499168"}
{"created_at": 1618030938, "id": 418078681, "price": 6684154.0, "quantity": 0.065, "taker_side": "buy", "timestamp": "1618030938.499336"}
{"created_at": 1618030938, "id": 418078682, "price": 6684186.0, "quantity": 0.02, "taker_side": "buy", "timestamp": "1618030938.499448"}
{"created_at": 1618030938, "id": 418078683, "price": 6684334.0, "quantity": 0.1348, "taker_side": "buy", "timestamp": "1618030938.499555"}
{"created_at": 1618030938, "id": 418078686, "price": 6682643.0, "quantity": 0.01, "taker_side": "buy", "timestamp": "1618030938.646694"}
{"created_at": 1618030938, "id": 418078687, "price": 6682688.0, "quantity": 0.01, "taker_side": "buy", "timestamp": "1618030938.64681"}
{"created_at": 1618030938, "id": 418078688, "price": 6681251.0, "quantity": 0.0002, "taker_side": "sell", "timestamp": "1618030938.6721148"}
{"created_at": 1618030938, "id": 418078689, "price": 6681112.0, "quantity": 0.019798, "taker_side": "sell", "timestamp": "1618030938.6721768"}
{"created_at": 1618030938, "id": 418078690, "price": 6682688.0, "quantity": 0.0006, "taker_side": "buy", "timestamp": "1618030938.674212"}
{"created_at": 1618030939, "id": 418078698, "price": 6681112.0, "quantity": 0.020202, "taker_side": "sell", "timestamp": "1618030939.051404"}
{"created_at": 1618030939, "id": 418078700, "price": 6681112.0, "quantity": 0.002, "taker_side": "buy", "timestamp": "1618030939.509714"}
{"created_at": 1618030940, "id": 418078703, "price": 6680912.0, "quantity": 0.02, "taker_side": "sell", "timestamp": "1618030940.384663"}
{"created_at": 1618030940, "id": 418078704, "price": 6680001.0, "quantity": 0.0002, "taker_side": "sell", "timestamp": "1618030940.384733"}
{"created_at": 1618030940, "id": 418078705, "price": 6679408.0, "quantity": 0.01, "taker_side": "sell", "timestamp": "1618030940.384796"}
{"created_at": 1618030940, "id": 418078706, "price": 6679272.0, "quantity": 0.1178, "taker_side": "sell", "timestamp": "1618030940.384852"}
{"created_at": 1618030941, "id": 418078709, "price": 6680994.0, "quantity": 0.002, "taker_side": "buy", "timestamp": "1618030941.099881"}
{"created_at": 1618030941, "id": 418078710, "price": 6679077.0, "quantity": 0.20217578, "taker_side": "sell", "timestamp": "1618030941.5707898"}
{"created_at": 1618030941, "id": 418078711, "price": 6680988.0, "quantity": 0.0066, "taker_side": "buy", "timestamp": "1618030941.628305"}
{"created_at": 1618030941, "id": 418078712, "price": 6680988.0, "quantity": 0.0286822, "taker_side": "buy", "timestamp": "1618030941.691969"}
{"created_at": 1618030941, "id": 418078717, "price": 6683266.0, "quantity": 0.10153232, "taker_side": "buy", "timestamp": "1618030941.69256"}
{"created_at": 1618030941, "id": 418078716, "price": 6683204.0, "quantity": 0.16, "taker_side": "buy", "timestamp": "1618030941.692449"}
{"created_at": 1618030941, "id": 418078713, "price": 6680994.0, "quantity": 0.03333652, "taker_side": "buy", "timestamp": "1618030941.6920981"}
{"created_at": 1618030941, "id": 418078714, "price": 6682452.0, "quantity": 0.012, "taker_side": "buy", "timestamp": "1618030941.692203"}
{"created_at": 1618030941, "id": 418078715, "price": 6683202.0, "quantity": 0.0044, "taker_side": "buy", "timestamp": "1618030941.692307"}
{"created_at": 1618030941, "id": 418078718, "price": 6684243.0, "quantity": 0.06004896, "taker_side": "buy", "timestamp": "1618030941.692666"}
{"created_at": 1618030942, "id": 418078723, "price": 6680237.0, "quantity": 0.01, "taker_side": "sell", "timestamp": "1618030942.132929"}
{"created_at": 1618030942, "id": 418078724, "price": 6680237.0, "quantity": 0.1532, "taker_side": "sell", "timestamp": "1618030942.271656"}
{"created_at": 1618030942, "id": 418078725, "price": 6683613.0, "quantity": 0.02, "taker_side": "buy", "timestamp": "1618030942.5513642"}
{"created_at": 1618030942, "id": 418078726, "price": 6680624.0, "quantity": 0.04, "taker_side": "sell", "timestamp": "1618030942.5608408"}
{"created_at": 1618030942, "id": 418078727, "price": 6680624.0, "quantity": 0.4632, "taker_side": "sell", "timestamp": "1618030942.6062331"}
{"created_at": 1618030942, "id": 418078729, "price": 6683612.0, "quantity": 0.032, "taker_side": "buy", "timestamp": "1618030942.77008"}
{"created_at": 1618030943, "id": 418078731, "price": 6679077.0, "quantity": 0.04, "taker_side": "sell", "timestamp": "1618030943.158991"}
{"created_at": 1618030943, "id": 418078732, "price": 6678751.0, "quantity": 0.0002, "taker_side": "sell", "timestamp": "1618030943.1590521"}
{"created_at": 1618030943, "id": 418078733, "price": 6677502.0, "quantity": 0.0286, "taker_side": "sell", "timestamp": "1618030943.159107"}
{"created_at": 1618030943, "id": 418078734, "price": 6677501.0, "quantity": 0.0002, "taker_side": "sell", "timestamp": "1618030943.159161"}
{"created_at": 1618030943, "id": 418078735, "price": 6677501.0, "quantity": 0.08418468, "taker_side": "sell", "timestamp": "1618030943.1592371"}
{"created_at": 1618030944, "id": 418078736, "price": 6683599.0, "quantity": 0.016, "taker_side": "buy", "timestamp": "1618030944.061675"}
{"created_at": 1618030944, "id": 418078737, "price": 6678341.0, "quantity": 0.002, "taker_side": "sell", "timestamp": "1618030944.095017"}
{"created_at": 1618030944, "id": 418078739, "price": 6683591.0, "quantity": 0.4, "taker_side": "buy", "timestamp": "1618030944.8929641"}
{"created_at": 1618030945, "id": 418078740, "price": 6683578.0, "quantity": 0.02, "taker_side": "buy", "timestamp": "1618030945.61109"}
{"created_at": 1618030945, "id": 418078743, "price": 6683111.0, "quantity": 0.002, "taker_side": "buy", "timestamp": "1618030945.996754"}
{"created_at": 1618030946, "id": 418078745, "price": 6682572.0, "quantity": 0.002, "taker_side": "buy", "timestamp": "1618030946.518519"}
{"created_at": 1618030946, "id": 418078746, "price": 6678341.0, "quantity": 0.02, "taker_side": "sell", "timestamp": "1618030946.630722"}
{"created_at": 1618030946, "id": 418078747, "price": 6677392.0, "quantity": 0.02506742, "taker_side": "sell", "timestamp": "1618030946.6319418"}
{"created_at": 1618030947, "id": 418078749, "price": 6681003.0, "quantity": 0.01, "taker_side": "buy", "timestamp": "1618030947.0942662"}
{"created_at": 1618030947, "id": 418078750, "price": 6677448.0, "quantity": 0.02, "taker_side": "sell", "timestamp": "1618030947.1417348"}
{"created_at": 1618030947, "id": 418078751, "price": 6676867.0, "quantity": 0.05999202, "taker_side": "sell", "timestamp": "1618030947.167325"}
{"created_at": 1618030947, "id": 418078752, "price": 6676837.0, "quantity": 0.1504, "taker_side": "sell", "timestamp": "1618030947.2675462"}
{"created_at": 1618030947, "id": 418078754, "price": 6676251.0, "quantity": 0.0002, "taker_side": "sell", "timestamp": "1618030947.26785"}
{"created_at": 1618030947, "id": 418078753, "price": 6676252.0, "quantity": 0.24, "taker_side": "sell", "timestamp": "1618030947.26773"}
{"created_at": 1618030947, "id": 418078755, "price": 6676183.0, "quantity": 0.006, "taker_side": "buy", "timestamp": "1618030947.478847"}
{"created_at": 1618030947, "id": 418078756, "price": 6677392.0, "quantity": 0.02, "taker_side": "buy", "timestamp": "1618030947.5386088"}
{"created_at": 1618030947, "id": 418078757, "price": 6676934.0, "quantity": 0.11869344, "taker_side": "sell", "timestamp": "1618030947.6202612"}
{"created_at": 1618030947, "id": 418078759, "price": 6676934.0, "quantity": 0.17290656, "taker_side": "sell", "timestamp": "1618030947.634229"}
{"created_at": 1618030947, "id": 418078760, "price": 6675868.0, "quantity": 0.01020138, "taker_side": "buy", "timestamp": "1618030947.650249"}
{"created_at": 1618030947, "id": 418078761, "price": 6675576.0, "quantity": 0.018, "taker_side": "sell", "timestamp": "1618030947.651819"}
{"created_at": 1618030947, "id": 418078762, "price": 6675573.0, "quantity": 0.0088, "taker_side": "sell", "timestamp": "1618030947.6519418"}
{"created_at": 1618030947, "id": 418078763, "price": 6675572.0, "quantity": 0.004, "taker_side": "sell", "timestamp": "1618030947.652065"}
{"created_at": 1618030947, "id": 418078768, "price": 6675573.0, "quantity": 0.02, "taker_side": "buy", "timestamp": "1618030947.8810399"}
{"created_at": 1618030948, "id": 418078774, "price": 6675516.0, "quantity": 0.006, "taker_side": "buy", "timestamp": "1618030948.304557"}
{"created_at": 1618030948, "id": 418078775, "price": 6675573.0, "quantity": 0.01533344, "taker_side": "buy", "timestamp": "1618030948.304679"}
{"created_at": 1618030948, "id": 418078776, "price": 6676934.0, "quantity": 0.01866656, "taker_side": "buy", "timestamp": "1618030948.3047838"}
{"created_at": 1618030948, "id": 418078778, "price": 6676934.0, "quantity": 0.01, "taker_side": "buy", "timestamp": "1618030948.3363578"}
{"created_at": 1618030948, "id": 418078781, "price": 6676933.0, "quantity": 0.02, "taker_side": "buy", "timestamp": "1618030948.4995542"}
{"created_at": 1618030948, "id": 418078784, "price": 6675004.0, "quantity": 0.018, "taker_side": "sell", "timestamp": "1618030948.6557848"}
{"created_at": 1618030948, "id": 418078786, "price": 6674300.0, "quantity": 0.09737854, "taker_side": "sell", "timestamp": "1618030948.695912"}
{"created_at": 1618030948, "id": 418078785, "price": 6675001.0, "quantity": 0.0002, "taker_side": "sell", "timestamp": "1618030948.6957161"}
{"created_at": 1618030948, "id": 418078787, "price": 6674300.0, "quantity": 0.034154, "taker_side": "sell", "timestamp": "1618030948.702949"}
{"created_at": 1618030948, "id": 418078788, "price": 6674300.0, "quantity": 0.10461598, "taker_side": "sell", "timestamp": "1618030948.796095"}
{"created_at": 1618030948, "id": 418078789, "price": 6674300.0, "quantity": 0.02, "taker_side": "buy", "timestamp": "1618030948.81391"}
{"created_at": 1618030948, "id": 418078791, "price": 6674933.0, "quantity": 0.006, "taker_side": "buy", "timestamp": "1618030948.9131598"}
{"created_at": 1618030948, "id": 418078792, "price": 6675004.0, "quantity": 0.004, "taker_side": "buy", "timestamp": "1618030948.913252"}
{"created_at": 1618030948, "id": 418078793, "price": 6675004.0, "quantity": 0.0002, "taker_side": "buy", "timestamp": "1618030948.926605"}
{"created_at": 1618030949, "id": 418078795, "price": 6675004.0, "quantity": 0.004, "taker_side": "buy", "timestamp": "1618030949.0847092"}
{"created_at": 1618030949, "id": 418078796, "price": 6674294.0, "quantity": 0.002, "taker_side": "buy", "timestamp": "1618030949.240947"}
{"created_at": 1618030949, "id": 418078797, "price": 6675004.0, "quantity": 0.002, "taker_side": "buy", "timestamp": "1618030949.241008"}
{"created_at": 1618030949, "id": 418078798, "price": 6675004.0, "quantity": 0.002, "taker_side": "buy", "timestamp": "1618030949.242362"}
{"created_at": 1618030949, "id": 418078799, "price": 6675004.0, "quantity": 0.002, "taker_side": "buy", "timestamp": "1618030949.342165"}
{"created_at": 1618030949, "id": 418078800, "price": 6675004.0, "quantity": 0.00313344, "taker_side": "buy", "timestamp": "1618030949.445367"}
{"created_at": 1618030949, "id": 418078801, "price": 6676922.0, "quantity": 0.01686656, "taker_side": "buy", "timestamp": "1618030949.445478"}
{"created_at": 1618030949, "id": 418078802, "price": 6673755.0, "quantity": 0.02, "taker_side": "sell", "timestamp": "1618030949.479732"}
{"created_at": 1618030949, "id": 418078804, "price": 6673755.0, "quantity": 0.003, "taker_side": "buy", "timestamp": "1618030949.564585"}
{"created_at": 1618030949, "id": 418078808, "price": 6674887.0, "quantity": 0.0202, "taker_side": "sell", "timestamp": "1618030949.835217"}
{"created_at": 1618030949, "id": 418078809, "price": 6674887.0, "quantity": 0.0202, "taker_side": "sell", "timestamp": "1618030949.914089"}
{"created_at": 1618030949, "id": 418078810, "price": 6674887.0, "quantity": 0.3276, "taker_side": "sell", "timestamp": "1618030949.9206872"}
{"created_at": 1618030949, "id": 418078811, "price": 6674887.0, "quantity": 0.01, "taker_side": "buy", "timestamp": "1618030949.929474"}
{"created_at": 1618030949, "id": 418078812, "price": 6674887.0, "quantity": 0.0542, "taker_side": "buy", "timestamp": "1618030949.972847"}
{"created_at": 1618030950, "id": 418078813, "price": 6673754.0, "quantity": 0.002, "taker_side": "sell", "timestamp": "1618030950.047106"}
{"created_at": 1618030950, "id": 418078814, "price": 6673751.0, "quantity": 0.0002, "taker_side": "sell", "timestamp": "1618030950.07949"}
{"created_at": 1618030950, "id": 418078815, "price": 6673341.0, "quantity": 0.02, "taker_side": "sell", "timestamp": "1618030950.079613"}
{"created_at": 1618030950, "id": 418078820, "price": 6676915.0, "quantity": 0.0701502, "taker_side": "buy", "timestamp": "1618030950.090838"}
{"created_at": 1618030950, "id": 418078821, "price": 6673751.0, "quantity": 0.168, "taker_side": "buy", "timestamp": "1618030950.153368"}
{"created_at": 1618030950, "id": 418078822, "price": 6676915.0, "quantity": 0.04, "taker_side": "buy", "timestamp": "1618030950.203615"}
{"created_at": 1618030950, "id": 418078823, "price": 6672531.0, "quantity": 0.61945796, "taker_side": "sell", "timestamp": "1618030950.349601"}
{"created_at": 1618030950, "id": 418078824, "price": 6672531.0, "quantity": 0.12130244, "taker_side": "sell", "timestamp": "1618030950.356522"}
{"created_at": 1618030950, "id": 418078825, "price": 6672531.0, "quantity": 0.03321414, "taker_side": "sell", "timestamp": "1618030950.425376"}
{"created_at": 1618030950, "id": 418078826, "price": 6672501.0, "quantity": 0.0002, "taker_side": "sell", "timestamp": "1618030950.4255092"}
{"created_at": 1618030950, "id": 418078828, "price": 6672534.0, "quantity": 0.002, "taker_side": "sell", "timestamp": "1618030950.534964"}
{"created_at": 1618030950, "id": 418078829, "price": 6673728.0, "quantity": 0.0132, "taker_side": "buy", "timestamp": "1618030950.7856908"}
{"created_at": 1618030951, "id": 418078835, "price": 6673480.0, "quantity": 0.006, "taker_side": "buy", "timestamp": "1618030951.666909"}
{"created_at": 1618030951, "id": 418078836, "price": 6673722.0, "quantity": 0.0046, "taker_side": "buy", "timestamp": "1618030951.666983"}
{"created_at": 1618030952, "id": 418078851, "price": 6671251.0, "quantity": 0.0002, "taker_side": "sell", "timestamp": "1618030952.3540401"}
{"created_at": 1618030952, "id": 418078852, "price": 6670380.0, "quantity": 0.004, "taker_side": "buy", "timestamp": "1618030952.3782332"}
{"created_at": 1618030953, "id": 418078857, "price": 6672037.0, "quantity": 0.006, "taker_side": "buy", "timestamp": "1618030953.160342"}
{"created_at": 1618030953, "id": 418078858, "price": 6672258.0, "quantity": 0.022, "taker_side": "buy", "timestamp": "1618030953.1604"}
{"created_at": 1618030953, "id": 418078859, "price": 6670001.0, "quantity": 0.0002, "taker_side": "sell", "timestamp": "1618030953.266495"}
{"created_at": 1618030953, "id": 418078860, "price": 6669004.0, "quantity": 0.0018, "taker_side": "sell", "timestamp": "1618030953.266619"}
{"created_at": 1618030953, "id": 418078861, "price": 6669004.0, "quantity": 0.0102, "taker_side": "sell", "timestamp": "1618030953.426858"}
{"created_at": 1618030953, "id": 418078862, "price": 6668751.0, "quantity": 0.0002, "taker_side": "sell", "timestamp": "1618030953.426993"}
{"created_at": 1618030953, "id": 418078863, "price": 6667501.0, "quantity": 0.0002, "taker_side": "sell", "timestamp": "1618030953.427126"}
{"created_at": 1618030953, "id": 418078864, "price": 6667376.0, "quantity": 0.098, "taker_side": "buy", "timestamp": "1618030953.490412"}
{"created_at": 1618030953, "id": 418078865, "price": 6668015.0, "quantity": 0.04876, "taker_side": "buy", "timestamp": "1618030953.6939101"}
{"created_at": 1618030953, "id": 418078868, "price": 6669062.0, "quantity": 0.002, "taker_side": "buy", "timestamp": "1618030953.8507898"}
{"created_at": 1618030953, "id": 418078876, "price": 6667554.0, "quantity": 0.0596, "taker_side": "sell", "timestamp": "1618030953.948575"}
